2602 4788
212 194 287 268 150
535 117 697 258 mmlx
737 177 958 257 sermm:

310 361 636 458 progrediendum,
679 363 702 436 sr
734 363 812 436 haec
848 363 893 437 de
925 381 1030 437 novo
1066 359 1282 436 exacerbari

312 461 531 534 videanturt·
567 459 618 533 ita
649 475 796 551 tamen,
821 476 863 532 ut
891 462 988 534 intra
1012 461 1282 554 nytthemeron

311 557 419 632 semel
449 562 707 632 tantummodo
739 561 977 648 pertundatur
1011 581 1123 634 vena.
1189 558 1280 630 Raro

313 657 461 744 evenit,
489 659 584 748 quod
614 659 706 729 ultra
737 657 926 730 secundam
958 659 1019 730 vel
1043 655 1205 729 tertiam
1238 657 1276 726 vi·

313 775 392 828 cem
430 755 622 827 necess'aria
656 755 698 826 fit
727 755 803 828 haec
831 755 999 828 medendi
1031 755 1148 828 ratio.
1219 754 1280 826 Mi·

1094 249 1114 290 Q

311 852 437 946 tigatis
470 852 770 944 symptomatibus
803 867 928 946 quarta
962 852 1163 926 vel-sexta
1200 852 1283 925 hora

309 949 538 1025 solummodo
567 966 753 1046 repetatur
787 949 881 1024 dosis
917 949 1209 1024 medicamenti:
1250 949 1282 1020 si

312 1069 408 1120 vero
432 1063 651 1143 augeantur,
693 1047 789 1122 intra
825 1049 973 1121 brevius
1007 1048 1170 1143 spatium
1203 1046 1283 1120 iilud

314 1146 387 1218 dari
426 1145 565 1219 neceffe
604 1145 666 1222 est.
734 1147 769 1217 Si
811 1147 998 1220 Diarrboea
1035 1169 1080 1219 ex
1116 1146 1282 1218 medica·

310 1244 424 1318 menti
454 1241 515 1316 usu
541 1259 717 1339 aegrotum
750 1244 975 1336 praecipitare
999 1245 1206 1332 videatur,
1237 1263 1283 1315 ra·

310 1342 386 1416 rior
423 1341 466 1416 fit
495 1343 574 1428 ilia,
609 1343 671 1414 vel
701 1341 812 1420 etiam
849 1339 1000 1422 srstenda
1031 1339 1172 1421 haustu
1208 1341 1282 1416 heic

308 1441 409 1515 fimul
433 1440 660 1533 praescriptoz
832 1453 839 1466 ⁸

371 1634 461 1710 Rec.
501 1633 594 1730 Aqu.
624 1638 823 1709 Cinnamom.
839 1637 934 1731 sv
982 1634 1121 1710 Uncias
1145 1634 1202 1716 11.

501 1734 622 1827 Lapid.
655 1737 773 1807 Cancr.
793 1749 865 1834 ppt.
982 1733 1105 1806 Grana
1123 1733 1254 1808 XL.·

503 1835 573 1904 Sat.
613 1832 746 1905 Tartari
979 1831 1102 1924 Scrup.
1130 1831 1265 1910 Semis

502 1933 622 2025 Syrup.
654 1933 826 2022 Cydonior.
977 1929 1275 2012 UnciamSemis

464 2048 513 2102 m
537 2027 563 2106 f
590 2027 757 2119 haustus,
781 2048 853 2106 una
873 2026 958 2102 vice
980 2027 1218 2105 hauriendus.

263 2221 474 2299 Cavendum
510 2239 657 2314 tamen,
690 2245 737 2302 ne
767 2222 841 2296 hoe
874 2225 936 2297 vei
973 2223 1067 2296 aliud
1074 2225 1280 2337 pbstipana

314 2322 546 2410 adhibeatur,
592 2321 839 2396 fidiarrhoca
878 2321 990 2393 fuerit
1031 2321 1188 2410 critica
1224 2336 1281 2398 aut

313 2420 490 2592 lrrffccasrstrlre
519 2420 650 2500 virium
671 2419 807 2514 jadera
827 2419 1008 2520 persistat·
1047 2420 1085 2498 in
1114 2422 1195 2498 alio
1224 2443 1284 2498 ve·

389 2711 478 2787 Rec.
515 2713 605 2788 Rad.
637 2717 750 2807 Seneg.
776 2720 902 2808 pulver.
952 2711 1127 2788 Drachm.
1149 2713 1282 2792 semia.

514 2816 652 2908 specier.
681 2814 868 2908 Dioscordii
954 2811 1075 2884 Grana
1096 2813 1184 2887 XV.

507 2911 577 3006 Aq.
610 2917 758 2984 Cinnam.
783 2914 817 3005 fl
841 2937 877 2990 v.
953 2908 1111 2984 Unciam
1133 2910 1169 2989 I.

504 3007 560 3080 M.
586 3030 653 3103 pro
683 3030 753 3081 una
782 3009 877 3086 vice.

267 3201 366 3278 Huic
400 3201 526 3277 insistit
552 3204 719 3280 medendi
744 3203 813 3274 viae
843 3199 898 3277 Ci.
927 3201 1188 3290 Tennentius
1222 3205 1285 3280 do·

315 3323 386 3376 nec
422 3303 461 3374 in
498 3304 599 3377 urina
632 3318 800 3394 appareat
823 3303 1035 3396 sedimentum
1061 3304 1202 3376 coloris
1238 3309 1285 3376 ia·

313 3400 440 3472 teritii.
510 3401 545 3471 Si
586 3401 682 3474 enim
730 3400 842 3472 levari
889 3399 1082 3472 videantur
1129 3403 1286 3496 aegrotis

313 3517 394 3571 cum
418 3495 621 3571 sedimento
647 3500 751 3590 albo,
781 3496 898 3569 minus
923 3511 1045 3570 certus
1071 3496 1121 3574 est
1138 3501 1238 3573 Auci
1221 3503 1286 3573 ior

314 3597 359 3667 de
409 3597 619 3671 omnimoda
666 3597 744 3671 crisr
794 3593 936 3688 morbi,
984 3599 1069 3690 quin
1113 3597 1288 3672 recidite

311 3691 806 3772 addentur·
867 3715 877 3734 ·

1113 3909 1173 3980 41.
1198 3885 1285 3964 Fri·
