2704 4790
292 233 609 354 oecouorura
655 229 901 334 nanuum,
1079 255 1124 372 p

68 433 216 504 natam,
255 416 468 510 aliquamdiu
510 418 605 491 intra
637 413 712 492 suas
745 417 851 492 rimas
880 379 1127 498 retinuerunt,

72 515 232 614 crystalli
258 515 352 588 haud
379 515 524 590 absimili
551 515 694 588 ratione
718 517 898 590 cavitates
925 515 966 612 in
986 511 1121 589 fodinis

70 617 238 710 replent,
270 616 377 706 inque
407 613 593 713 Qunrrzum
617 613 865 706 concrescunt.

76 797 79 804 ·
144 763 296 858 Lapides
318 766 512 856 quotannis
537 787 610 839 nun
633 779 775 841 tanturn
796 788 842 842 err
863 766 975 842 crusta
993 766 1121 842 muscia

71 865 213 940 inducta
240 863 424 957 generari,
462 863 662 936 accrescere
685 865 718 936 dr
740 869 890 953 mutari,
922 864 979 939 sed
1011 865 1127 962 etjam,

71 985 118 1037 er
150 961 304 1066 Quartae
340 961 374 1032 dr
411 963 509 1054 sparo
540 961 686 1055 augeri,
714 963 935 1036 manifestum
968 963 1038 1047 σῆς
1078 978 1120 1036 ut

70 1075 211 1134 taceam
240 1075 371 1130 terrarn
402 1057 646 1150 adjacentem,
670 1059 860 1152 presertim
885 1062 912 1134 sr¹
935 1057 1119 1154 particulis

67 1159 198 1254 ¹ferreis
230 1157 463 1250 impregnata
498 1153 629 1244 fuerit,
670 1157 707 1230 in
745 1157 997 1232 eonfistentem
1034 1159 1120 1250 lapi·

67 1255 153 1328 dem
177 1253 423 1328 communiter
450 1252 642 1328 immutari.
699 1254 903 1328 Marmoreas
930 1273 1051 1330 montes
1080 1257 1119 1330 in

67 1345 193 1438 Italia,
222 1351 316 1422 intre
340 1348 446 1442 ipsrus
473 1363 578 1422 terrae
604 1352 798 1446 gremium,
826 1353 922 1426 unde
943 1355 1119 1449 fragmen·

68 1465 110 1524 ta
138 1449 253 1524 excisa
278 1447 447 1536 fuerunt,
474 1446 604 1520 iterum
623 1449 798 1545 'adaugeri
825 1453 1033 1542 perhibetur
1057 1443 1115 1540 n).

71 1549 215 1632 Mimo
239 1545 429 1642 ‚paulatim
476 1544 706 1638 accrescunt,
753 1549 895 1640 quoties
935 1549 1131 1642 particuiae'

67 1645 289 1731 minerales,
317 1641 501 1715 mediante
539 1665 626 1736 aqua
658 1665 724 1736 per
757 1646 936 1722 montium
971 1661 1117 1739 cryptas

64 1739 305 1828 transvena,
344 1735 470 1812 iiiioris
504 1737 661 1832 ipsarum
689 1743 918 1834 retinentur,
953 1745 1044 1817 adeo
1075 1757 1117 1816 ut

61 1840 228 1918 materiae
265 1837 501 1932 homogeneae
538 1838 673 1912 diutius
709 1839 944 1930 adherendo,
972 1841 1119 1916 tandern

61 1944 146 2032 'ejus
180 1951 351 2018 naturam,
371 1933 548 2026 adoptent
578 1935 685 2029 inque
714 1937 936 2019 tonfimileut
962 1937 1116 2017 substan·
1183 2025 1187 2032 ,

61 2039 155 2114 nam
181 2045 482 2110 transmutentur.

541 2231 575 2322 s.
601 2227 649 2302 u.

490 2387 686 2484 Destruiiiu.

135 2531 316 2628 Lapides,
356 2527 445 2601 iicet
475 2549 629 2622 corpora
662 2529 732 2604 sint
765 2521 960 2621 duriffima,
994 2541 1117 2610 tamen

58 2629 314 2716 destrunronrs
332 2627 486 2722 legibus,
507 2649 604 2717 aeque
621 2649 662 2699 ac
683 2627 815 2720 reliqua
839 2649 993 2720 corpora
1018 2651 1117 2705 crea·

57 2755 125 2822 ta,
158 2726 303 2821 sotjeni
335 2724 661 2816 deprehenduntur.
716 2724 1041 2819 Solvunturenim
1072 2731 1116 2802 ab

57 2827 256 2910 elementis
283 2823 385 2896 vario
409 2821 521 2894 modo
553 2817 626 2896 virn
658 2819 750 2894 suain
777 2818 813 2900 in
839 2823 920 2901 ilios
945 2835 1116 2899 exercen-

58 2933 184 3014 tibus,
227 2922 281 2994 uti
318 2941 428 3010 aqua,
465 2925 572 3004 aire,
612 2918 789 3011 radiisque
819 2915 1011 3008 solaribus,
1048 2943 1117 2998 nee

55 3049 140 3108 non
164 3021 348 3098 mediante
374 3013 566 3110 rapiditate
587 3015 782 3090 fluviorum
807 3017 842 3088 dt
863 3019 1117 3096 cataraiiarunr

54 3120 265 3206 violentia,
303 3135 450 3210 quarum
499 3114 712 3210 voragines,
754 3129 795 3188 ut
839 3113 873 3186 dr
911 3117 1158 3191 continuati.

55 3237 231 3318 aquarum
256 3215 437 3306 impetus,
464 3212 507 3284 ab
524 3213 708 3312 algeorum
729 3209 935 3306 praecipitiis
956 3213 1115 3306 incitati,

46 3297 257 3396 ‘donnons
286 3330 392 3402 rupes
417 3307 453 3382 in
488 3309 674 3398 pulverem
705 3307 885 3403 redigunt.
937 3308 1050 3383 Maris
1082 3313 1117 3386 dt

56 3425 205 3497 lacuum
232 3405 451 3504 agitationes
481 3403 721 3498 flunuumque
747 3403 904 3494 sevitia,
931 3409 1117 3484 turbuien-

53 3513 218 3593 tioribus
246 3503 368 3578 ventis
397 3502 575 3591 excitata,
606 3501 745 3595 lapillos
771 3503 1048 3595 comminuunt,
1078 3507 1115 3582 id

52 3609 161 3714 quod
191 3601 347 3700 lapidum
383 3600 486 3692 juxta
524 3598 633 3673 litora
673 3599 885 3697 rotunditas
917 3599 1013 3700 haud
1044 3625 1116 3678 aru·

987 3698 1041 3774 ‘bi
1069 3723 1114 3776 ue

49 3722 1113 3871 ,,,,,........-.......................Ξ.

118 3908 479 4001 n)1rali.Min.p.a.
573 3957 577 3964 .

553 4018 736 4078 ..i-‚tq
804 4017 1005 4072 .(,ι..ιι
