2560 4778
145 229 216 308 DE
242 221 754 308 PEREGRINATIONUM
781 229 848 310 Ee.
941 251 1025 330 409·

20 407 81 494 rior
108 407 181 484 sure
206 410 305 486 euim
333 412 407 485 io'ci
439 409 734 504 amplitudinem,
769 409 843 484 iure
872 409 1026 486 audito-¹

20 531 43 580 n
72 507 307 604 dignitatern,
336 509 411 586 five
438 510 700 586 leiiiiiimorum
733 507 918 582 hominurn
944 509 1023 584 fre-⁴

20 607 160 698 entiam,
191 583 275 680 firi&
294 608 448 700 denique
475 607 594 682 meam
625 605 768 680 dicendi
795 607 1017 690 tenuitatem

20 705 207 795 ›ntempior,
238 703 361 780 fateor
378 703 534 798 ingenue
553 707 629 779 haec
647 703 740 794 effe,
764 725 842 797 que
861 707 1014 780 muitum

20 801 241 876 turbationis
269 803 356 877 rnihi
388 805 527 878 adferre
553 801 711 896 poiiuut.

44 913 173 990 Etenim
208 919 233 993 sr
269 919 575 1014 eloquentiiiirnos
606 921 693 993 oiim
724 919 838 994 Viros
878 917 1017 1010 accepi·

20 1031 65 1099 ru,
86 1035 164 1086 cum
195 1019 239 1088 ad
266 1019 508 1111 perorandum
537 1019 740 1106 veniiient,
765 1017 815 1089 ita
838 1015 1019 1108 expavisse

20 1113 146 1184 ‘animo
169 1113 274 1188 iuiffe
293 1131 529 1205 commotos,
557 1133 597 1190 ut
619 1119 722 1209 piane
745 1115 1022 1204 obmutueriut;

20 1205 66 1278 uid
89 1209 170 1282 nihi
196 1213 345 1288 tandem
373 1214 481 1288 animi
505 1212 575 1289 ess'e
594 1211 809 1306 oportebit,
829 1211 885 1284 cui
913 1212 948 1285 in
970 1212 1021 1284 ia·
1060 1236 1063 1252 ·

20 1305 102 1376 indie
122 1309 236 1401 aiiqua
258 1311 525 1404 promtitudine
548 1331 589 1383 ac
610 1311 813 1406 splendore,
841 1310 936 1385 nulia
957 1309 1020 1383 vei

20 1417 99 1474 ture
118 1409 178 1480 vel
202 1409 480 1484 exercitationis
506 1408 631 1486 adsunt
657 1401 827 1504 praesidia.

44 1537 152 1628 Quum
173 1553 299 1616 tamen
322 1541 452 1634 aliquid
471 1539 556 1614 mihi
574 1539 625 1612 est
650 1541 862 1624 dicenduma
886 1542 921 1618 in
941 1541 1021 1634 illo,

20 1651 73 1706 rem
95 1636 189 1724 aiiir,
216 1663 264 1714 ex
290 1639 363 1714 hoc
391 1642 478 1714 loco
505 1639 618 1710 verba
639 1638 878 1729 facientibus,
897 1639 1020 1724 ,deuo

20 1751 59 1802 ue
76 1757 142 1808 uon
167 1735 295 1810 soletis
317 1739 447 1812 favore
474 1758 515 1810 ac
540 1735 786 1826 humanitate,
813 1737 1019 1834 perfugium

20 1829 65 1912 rit,
85 1855 150 1922 quo
176 1831 269 1926 fiet,
293 1852 358 1926 ut,
382 1833 478 1928 quod
501 1833 627 1926 spero,
645 1833 760 1908 sermo
780 1855 895 1922 meus,
913 1855 1035 1927 quam,

20 1929 105 2000 ruris
124 1936 243 2008 tenuis
265 1935 297 2006 ir
317 1933 600 2019 inexercitatus,
625 1935 730 2006 velut
756 1932 917 2006 secundis
944 1932 1022 2006 sub·
1170 2005 1172 2010 .

22 2023 267 2120 erraveritis,
293 2053 400 2124 quem
426 2030 488 2104 fibi
516 2027 746 2126 proposuerit
774 2043 946 2126 portum,
970 2031 1024 2108 fa·

20 2117 54 2190 iie
72 2127 312 2222 consequatur.

52 2233 229 2316 Materiam
253 2239 387 2334 igitur,
412 2236 615 2314 Auditorea
634 2233 932 2330 Honoratiffinri,
955 2257 1026 2314 neo

20 2333 168 2436 ,prasenti
191 2355 389 2430 tempore,
410 2355 478 2410 nec
498 2338 541 2410 ab
566 2335 667 2426 ‚irrep
689 2356 792 2428 quarn
816 2334 1025 2428 ingredior,

20 2445 106 2518 pann
139 2457 207 2510 nec
231 2437 276 2508 ab
306 2435 573 2528 occupatione,
602 2454 693 2525 qua,
724 2455 768 2506 ex
792 2448 884 2506 nutu
904 2429 938 2504 ἃ
956 2453 1038 2504 νο··
1138 2501 1143 2508 .

20 2539 113 2602 untate
137 2532 412 2610 Ceisriirmorum
439 2531 617 2632 Ordinum
644 2531 783 2627 Regni,
809 2551 924 2627 nuper
952 2528 1035 2606 sum.

22 2621 175 2716 eruatur,
207 2633 242 2704 &
260 2653 304 2704 ex
321 2652 389 2723 qua
407 2651 532 2706 recens
551 2629 593 2701 ad
614 2627 678 2702 har
697 2627 831 2716 musas,
855 2647 951 2702 nunc
972 2649 1029 2700 re·

20 2737 56 2790 ,ux
79 2724 142 2800 iun
166 2728 303 2820 faetus,
330 2728 506 2817 alienam,
536 2726 594 2799 sed
621 2725 716 2800 hisce
745 2726 912 2822 finguiir,
947 2746 1029 2800 mea

20 2817 118 2898 uidem
146 2829 345 2920 opinione,
388 2839 506 2919 aptam
533 2824 615 2897 satia
642 2823 675 2896 ot
700 2821 1026 2910 accommodatam,

20 2913 94 2989 'aira
124 2923 234 3000 fuitus
269 2923 556 3009 benevolentia,
592 2921 840 3014 pertrauabo,
876 2923 920 2992 de
946 2921 1031 2995 PE·

20 3005 467 3098 iEGRINATIONUM
513 3028 604 3096 iutra
637 3016 903 3094 PATRIAM
936 3017 1029 3111 iusti·

20 3118 166 3192 uariarum
208 3117 603 3204 NECESSITATE,
656 3115 841 3210 fruiiuque
884 3114 1030 3205 exi-nde,
1089 3149 1092 3156 ¹

20 3203 132 3287 iudicia
155 3217 328 3310 imprimis
354 3215 611 3308 percipiendo,
639 3213 847 3307 simplicitet
865 3212 898 3286 tr
916 3233 1044 3304 popu··

20 3304 102 3380 ariter
121 3313 297 3404 dinurus,
324 3313 431 3406 idque
450 3330 597 3406 operam
616 3311 786 3399 daturus,
814 3325 856 3384 ut
883 3309 1029 3384 dicendi

20 3406 135 3508 eunitae
154 3412 330 3510 dignitate
356 3431 473 3486 rerum
498 3431 538 3486 ac
561 3409 734 3504 imprimis
754 3407 928 3484 sermonis
950 3411 1032 3484 bre·

20 3510 118 3597 itate,
144 3511 312 3606 gnaviter
333 3506 599 3602 compensetur.
1042 3542 1047 3559 ·

20 3805 148 3956 Omnis
171 3823 291 3900 nostra
308 3821 466 3938 scientia
488 3822 630 3936 duobur
656 3821 786 3894 nititur
804 3821 1029 3936 ‘funtanen-

54 4054 58 4062 ,
91 3935 156 3999 tra:
181 3921 394 4002 Rauocrnro
414 3921 589 4111 vrdgizeest
614 3941 656 3996 ae
677 3919 934 4043 Experrentrae·
954 3919 1050 4094 233
