2702 4792
286 299 333 378 n
501 263 821 405 oeconoma
859 257 1104 345 Neruam

286 453 468 535 toscentee
496 449 728 541 consumant,
766 469 884 544 coque
915 449 1082 534 minuunt
1110 457 1230 520 canam
1265 445 1320 514 co·'

283 554 379 650 piam
404 551 623 650 graminibus
648 548 805 625 noxiam.

285 794 323 862 tt
344 691 465 862 hPicus
504 683 638 760 insede
680 686 732 762 in¹
760 685 948 761 arboribus
993 670 1239 756 delitescentia
1268 688 1321 743 cx·

324 803 411 860 art.

362 929 518 1009 Hirundo
543 925 602 1000 illa
626 925 662 1002 in
688 931 770 1002 a'ere
801 923 963 1000 volantia
984 921 1218 1018 persequitur.

367 1071 469 1167 llpa
494 1091 637 1143 vermes
661 1069 815 1144 infestat.
874 1068 989 1143 Pisces
1019 1087 1173 1141 voraces
1210 1079 1319 1138 conte·

285 1170 377 1246 dunt
412 1170 582 1242 minoret.
633 1165 750 1241 immo
778 1168 915 1241 nullum
944 1170 1020 1241 sere
1046 1165 1175 1239 animal
1210 1163 1319 1252 depre-

283 1267 501 1381 bcndiattta,
541 1266 639 1358 quod
670 1287 745 1340 uon
772 1285 854 1340 cum
884 1265 947 1339 suo
974 1263 1076 1340 hoste
1107 1277 1246 1336 certare
1267 1277 1318 1332 co·

284 1381 394 1464 gitur.

356 1499 458 1575 Inter
491 1495 747 1596 Quadrupedia
781 1519 895 1586 vero,
929 1481 1061 1593 ut'pote
1098 1498 1241 1594 reliquit
1273 1497 1317 1570 in·

281 1597 467 1676 sestillnae
509 1599 543 1670 dt
579 1599 733 1672 maxime
773 1596 1004 1690 periculose,
1029 1599 1191 1672 eminent
1222 1597 1314 1678 Fere,

282 1695 377 1792 secut
400 1698 512 1787 etjam
540 1695 635 1768 inter
662 1693 764 1768 Aves
788 1696 984 1790 Accipitrtr.
1040 1694 1101 1768 Ne
1126 1709 1245 1772 eutem
1272 1693 1312 1764 he

179 1875 182 1882 ,
283 1794 392 1875 nimir
423 1792 539 1871 atroci
571 1791 709 1864 laniena
741 1792 901 1884 integras
931 1792 1064 1884 species
1093 1795 1239 1884 penitus
1266 1789 1315 1860 de·

284 1877 429 2006 serent,
460 1891 568 1982 etiam
592 1887 660 1962 ille
690 1886 759 1962 suia
790 1888 1126 1965 circumscribuntur
1147 1887 1314 1974 cancellis,

285 1987 472 2079 nuntiauit,
496 1985 594 2077 qued
622 1984 851 2060 ferocissimas
877 1989 1034 2074 attinet,
1069 1988 1191 2066 notari
1215 2003 1315 2060 mere·

284 2099 367 2180 tur,
417 2104 520 2178 quam
567 2104 690 2178 pauca
737 2083 805 2158 lint
849 2083 885 2176 in
925 2083 1082 2179 respectu
1116 2087 1160 2160 ad
1195 2083 1314 2174 reliqua

286 2183 474 2272 animalia,
513 2182 565 2254 ita
604 2197 746 2269 tamen,
794 2193 836 2253 ut
866 2177 957 2272 justa
993 2181 1207 2258 observetur
1243 2199 1314 2274 pro·

283 2281 410 2378 portio
444 2275 497 2369 h).
569 2277 685 2350 Porro
730 2298 798 2353 net
841 2291 943 2351 tanta
984 2300 1105 2352 earum
1144 2279 1246 2370 copia
1283 2276 1312 2348 in

284 2379 454 2453 omnibus
500 2376 708 2474 regionibus
755 2373 953 2453 invenitur.
1018 2375 1077 2450 Sic
1134 2375 1247 2450 Gallia
1286 2369 1313 2443 b

283 2467 415 2574 singlia
441 2475 559 2548 nullos
588 2473 650 2544 alit
677 2471 820 2563 Lupus.
845 2493 913 2547 nec
940 2488 1036 2550 terta
1057 2473 1217 2548 Borealls
1233 2471 1312 2546 Leo·

283 2591 350 2647 nes
388 2573 450 2645 vel
496 2564 677 2668 Tigrides.
742 2559 824 2642 Huc
861 2569 1023 2658 accedit,
1055 2571 1152 2664 quod
1192 2566 1313 2646 ferocia

281 2663 403 2770 becce
445 2669 608 2742 animalia
641 2667 678 2739 in
713 2666 856 2762 propria
895 2688 1149 2763 nonnunquam
1184 2666 1312 2742 seviant

282 2767 431 2840 viscera.
481 2765 539 2838 Sic
569 2763 689 2856 Lupus
719 2763 873 2856 Vulpem
907 2765 1071 2840 devorat.
1123 2765 1230 2842 Canis
1254 2763 1310 2837 Lu·

280 2872 365 2960 pum
393 2863 426 2954 dp
454 2857 612 2958 Vulpem
639 2859 805 2948 infertam
843 2862 953 2941 immo
986 2862 1077 2959 Lupi
1117 2855 1310 2964 congregati

281 2961 462 3037 interdum
492 2962 606 3036 ursum
636 2959 940 3053 comprehendere
973 2979 1049 3038 non
1083 2973 1252 3039 verentur
1273 2951 1308 3048 l).

284 3061 400 3154 Tigris
426 3062 591 3155 proprior
621 3060 761 3131 catulos
787 3061 961 3133 masculos
985 3061 1075 3154 sepe
1098 3077 1216 3138 necat.
1259 3059 1311 3130 Cu·

280 3182 338 3236 uer
380 3158 563 3233 interdum
604 3157 664 3229 uel
705 3155 816 3228 Rabie
860 3158 1125 3250 corripiuntur,
1175 3158 1324 3246 suosque

278 3253 398 3330 socios
437 3256 615 3352 perdunt,
653 3254 712 3324 vel
750 3255 926 3348 Alopecia
961 3253 995 3328 dc
1032 3254 1067 3328 se
1105 3257 1200 3347 ipsoa
1236 3269 1323 3328 conr

278 3352 434 3430 sumunt.
485 3353 664 3430 Praeterea
688 3350 717 3424 F
720 3371 788 3427 ere
814 3352 926 3452 rarius
949 3366 1023 3428 tam
1050 3355 1196 3452 longam
1217 3348 1311 3516 attini

1235 3463 1297 3544 gua
1321 3461 1322 3466 ‘

317 3665 361 3750 l)
380 3670 412 3728 ln
435 3667 511 3741 syn.
531 3665 572 3732 N.
598 3665 733 3727 serarum
753 3685 801 3746 50.
835 3682 945 3730 tantum
968 3671 1077 3745 speclea
1101 3673 1222 3736 decedet
1240 3670 1320 3740 suras

277 3763 345 3815 etam
377 3763 473 3810 tanen
504 3749 617 3824 reliqua
649 3747 848 3823 quadrupedia
881 3752 997 3812 circiter
1030 3771 1094 3816 120.
1129 3761 1309 3816 numerentur.

275 3828 387 3892 Pariter
410 3830 591 3902 Accipitrtrur
616 3843 667 3912 50.
692 3828 836 3904 existunt,
872 3847 939 3899 eum
965 3835 1090 3915 alippa
1110 3851 1182 3904 m.
1199 3837 1236 3900 ..ι
1252 3843 1319 3914 pn

274 3926 427 3997 numerum
451 3905 605 3970 accedunt.

275 4063 283 4084 ,,
315 4003 344 4086 i)
363 4001 409 4071 Ut
427 4007 515 4070 nobie
531 4007 634 4070 ntulit
651 4005 692 4074 D.
714 4005 755 4079 D.
777 4003 887 4096 Girltn
