2702 4792
228 263 276 325 to
392 242 395 259 '
456 233 773 316 OECONOMIA
815 235 1065 318 NATURAE

227 415 574 506 ionisvisiitantes,
603 415 792 512 superfluas
815 438 924 492 nuces
946 419 1042 494 inter
1072 407 1221 496 frutices
1246 421 1281 498 ὰ

92 601 95 612 ,
227 517 289 593 sub
310 516 436 590 nruscis
453 516 639 607 sepeliunt,
659 535 775 608 eoque
796 537 856 590 eas
877 517 1012 606 serunt,
1035 539 1111 612 que
1126 541 1143 592 a
1159 518 1281 594 ventis

228 615 468 708 transportari
488 627 683 706 nequeunt.
724 614 848 708 Vasraru
869 613 1007 706 semper
1027 616 1064 689 in
1081 617 1157 689 aliis
1177 618 1283 689 arboe

226 715 325 788 tibus
350 710 504 785 nascitur
535 733 580 784 ex
611 730 682 798 eo,
710 711 807 802 quod
833 713 934 787 Turdi
960 712 989 786 F
992 735 1026 786 n.
1043 726 1121 808 189.
1148 714 1282 788 semine

228 813 405 897 edentes,
429 830 468 880 es
484 829 564 882 cum
582 807 740 880 stercore
757 808 805 879 ibi
824 810 1031 897 deponent3
1056 812 1090 884 tr
1109 811 1280 904 quoniam

227 929 272 995 ex
284 911 358 983 hoc
374 906 506 980 eodem
522 907 619 980 visco
634 906 758 999 gluten
773 905 944 1000 deinceps
961 907 1158 983 conficiant
1171 929 1284 982 nucu·⁴

225 1029 306 1100 pes,
323 1004 421 1098 quod
440 1011 607 1078 arborum
622 1002 728 1076 ramis
742 1003 900 1094 illinunt,
910 1006 1005 1078 unde
1018 1005 1141 1101 postea
1153 1007 1281 1090 eedem

225 1104 304 1178 evis
330 1123 432 1176 remo
462 1101 644 1175 adherens
673 1117 851 1193 captatur,
870 1102 1024 1178 invaluit
1049 1104 1180 1178 exinde
1197 1123 1283 1194 pro·

225 1201 416 1283 verbium:
461 1200 588 1274 Turdus
616 1197 802 1293 ftiimetipfi
831 1204 950 1274 maium
982 1217 1085 1276 cacat.
1145 1199 1280 1298 JUNI·

224 1298 381 1374 PEROS
407 1298 592 1391 pleresque
615 1297 720 1370 silvas
750 1295 887 1370 nostres
914 1298 1107 1391 implentes
1126 1321 1173 1372 ex
1199 1299 1280 1374 Tur·

225 1401 275 1473 dis
299 1417 463 1489 quoque,
492 1395 641 1486 aliisque
672 1394 824 1484 avibus,
859 1395 1042 1490 postquam
1073 1399 1199 1472 tubrrn
1227 1397 1279 1472 in·

225 1494 429 1570 testinaiem
464 1513 592 1566 eorum
624 1507 853 1584 permensust
885 1493 1037 1586 semine,
1064 1497 1153 1570 satas
1186 1493 1279 1583 esse,

226 1592 372 1666 dubium
400 1592 461 1665 vix
492 1589 563 1680 est,
602 1611 684 1663 cum
712 1591 833 1665 hacce
867 1590 1077 1684 ponderose
1112 1591 1280 1666 aventis

223 1692 334 1786 longe
363 1687 514 1785 dispergi
548 1701 742 1782 nequeant.
796 1683 907 1763 Lasia
945 1692 1153 1783 Carnirolira
1191 1689 1281 1764 stro·

224 1787 306 1862 bilis
340 1787 521 1874 Asseris,
585 1784 620 1860 dt
679 1789 934 1882 Caccatdraufler
987 1787 1144 1862 strobilis
1200 1790 1281 1865 Pru

223 1883 433 1964 vietitantes
462 1882 565 1958 srmul
597 1885 711 1957 multa
730 1883 877 1959 semine
914 1883 1057 1977 serunt,
1082 1886 1280 1980 presertim

224 2004 306 2057 cum
338 2003 472 2056 conum
502 1982 540 2056 in
561 1979 716 2074 lapidem
750 1984 810 2056 vei
839 1997 1006 2077 truncum
1030 1999 1207 2078 portent,
1236 1999 1279 2055 ut

223 2101 307 2154 eum
340 2101 386 2153 eo
421 2078 560 2154 facilius
596 2077 847 2172 desquaments
892 2083 974 2156 Sues
1011 2103 1103 2158 vero
1140 2095 1280 2156 terram

223 2177 473 2265 fodiendo‚&
499 2177 599 2272 Taspa
621 2178 784 2250 tumulos
796 2177 1000 2270 ejiciendo,
1025 2180 1177 2254 aratoris
1201 2201 1279 2253 mo·

221 2296 284 2364 te,
310 2276 501 2349 seminibus
527 2274 617 2370 sepe
641 2289 803 2366 peretum
829 2297 951 2370 agrum
973 2279 1145 2366 prebent.
1201 2275 1279 2350 Cae·

221 2386 302 2452 tera
335 2387 466 2462 taceo,
497 2394 573 2463 ouae
607 2371 777 2466 deinceps
804 2372 874 2447 dici
905 2373 1048 2468 possent
1081 2375 1125 2448 de
1158 2375 1277 2464 Mari,

221 2471 388 2546 Lacubus
415 2469 505 2548 &s
509 2469 635 2557 inviis,
658 2491 809 2562 quorum
836 2469 1017 2546 beneficio
1039 2473 1173 2547 semina
1191 2475 1277 2550 ilie·

221 2567 259 2643 sa
283 2570 319 2643 in
350 2565 479 2640 diffites
502 2569 671 2661 regiones
701 2567 790 2662 saepe
810 2567 997 2658 feruntur,
1022 2591 1090 2644 neo
1112 2591 1279 2648 comme·

221 2685 329 2742 moro
362 2686 466 2758 quam
502 2665 611 2738 variis
648 2663 725 2738 aliis
761 2666 880 2740 modis
913 2681 1039 2740 nature
1071 2670 1278 2760 plantarum

222 2761 545 2840 disseminationem
583 2778 826 2856 promoveat,
874 2785 956 2840 cum
991 2766 1065 2840 hoc
1112 2767 1277 2858 pluribus

221 2860 503 2934 demonstratum
538 2860 581 2934 fit
614 2861 651 2935 in
686 2864 752 2937 Cei.
784 2863 891 2962 Prefi
920 2866 1076 2940 Oratione
1100 2868 1138 2940 de
1168 2865 1277 2943 Tetra-

220 2965 269 3034 rr'r
296 2962 481 3034 habitabilis
510 2966 715 3034 inormento.

664 3166 822 3264 §.unt

640 3284 861 3410 conseruatis.

237 3505 245 3512 .
290 3435 471 3520 Decrevit
500 3437 654 3514 summus
685 3464 803 3518 rerunt
834 3445 960 3522 Stator·
985 3445 1278 3539 &Sentinatem

217 3545 259 3624 nt
287 3537 458 3610 universa
484 3553 579 3610 terre
609 3541 742 3630 plantis
769 3543 903 3620 referte
931 3543 1042 3634 esset,
1076 3547 1197 3638 sicque
1232 3561 1280 3624 ut

216 3633 337 3741 nulius
365 3637 467 3707 locus
501 3635 588 3707 esset
620 3658 780 3730 vacuus,
815 3640 941 3716 sterilis
984 3646 1113 3720 nullus.
1165 3648 1278 3741 Quo·

215 3750 309 3818 nram
341 3753 431 3806 vero
466 3756 540 3808 non
575 3753 705 3810 ornnes
737 3741 905 3834 regiones
939 3743 1081 3814 easdem
1110 3741 1276 3819 habeant

217 3829 475 3923 tempeststpm
495 3833 740 3927 mutationes,
779 3857 849 3924 nec
872 3857 983 3920 omne
1008 3838 1124 3924 solum
1151 3839 1278 3940 singu·

1229 3941 1275 4014 iis
