2602 4788
90 123 98 138 ⁸
227 206 299 279 104
351 302 356 318 ι
449 165 659 266 tionum
705 189 1061 268 cotuanrnonr:

226 365 291 438 usu
318 363 484 440 desistere
511 369 625 442 coasii
650 371 810 447 fuerunt.
864 371 947 444 Nec
974 373 1122 446 mirum:
1155 371 1267 447 eadem

227 463 324 536 enim
370 465 444 537 sata
491 467 614 540 omnia
663 469 864 542 adulterata
913 467 1065 542 subeunt
1109 471 1261 542 remedia.

225 559 309 650 Sic,
340 583 420 636 cum
448 563 741 658 Pharmacopolae
760 567 1006 660 Hypochaerin
1024 570 1076 641 Fr.
1092 571 1181 645 Suet.
1191 573 1262 659 631.

224 659 314 732 loto
359 660 518 748 Arnicae,
568 663 621 742 Fi.
664 669 756 739 Surc.
791 671 875 754 684.
943 664 1178 740 Centauream
1217 667 1260 742 ii.

229 760 324 831 Suet.
338 769 420 850 708.
446 759 533 830 loco
550 764 708 858 Studiose
731 765 783 837 Fr.
808 768 900 838 Suet.
920 785 999 839 rro.
1032 764 1262 837 &Lathraeam

225 855 314 927 ioco
349 856 520 931 Denrariae
548 859 600 935 Fi.
623 865 715 934 Suet.
737 874 820 950 518.
848 885 923 934 non
947 883 1038 933 raro
1054 861 1261 950 substituant,

201 952 355 1040 ,fesium
385 953 455 1040 est,
483 969 524 1027 ut
552 959 690 1051 optima
722 961 797 1032 haec
832 960 900 1032 tria
937 961 1097 1032 remedia
1127 960 1262 1032 abierint

225 1050 263 1122 in
303 1037 587 1128 desuetudinem.
648 1057 726 1128 Pari
761 1057 906 1129 ratione
932 1057 1086 1150 Lignum
1116 1056 1261 1129 Colubri·

224 1169 335 1230 num.
363 1171 444 1226 cum
476 1155 850 1250 speregrinatoribus
879 1155 1087 1246 inperfecte
1107 1155 1192 1228 esset
1212 1155 1259 1226 de·

112 1299 114 1302 -
223 1245 418 1340 scriptum,
465 1271 545 1322 cunr
590 1252 730 1325 duobus
774 1254 874 1342 aliis,
914 1255 958 1324 ab
995 1255 1067 1327 hoc
1107 1251 1260 1341 divetis,

225 1345 493 1439 vegetabilibus
533 1349 799 1438 confuderunt,
835 1353 988 1424 eundem
1024 1373 1107 1426 cunr
1141 1349 1264 1422 Nostro

227 1441 394 1519 effectum
423 1443 570 1522 daturis.
624 1447 678 1522 Ut
705 1471 797 1521 vero
830 1451 964 1521 clarum
997 1449 1041 1522 de
1067 1451 1139 1522 hoc
1161 1448 1262 1560 Liga9

225 1541 333 1614 nobis
358 1541 556 1617 formemus
586 1561 829 1637 conceptum,
856 1549 899 1619 ab
933 1567 1033 1637 ovo,
1063 1547 1161 1642 quod
1192 1546 1263 1618 dicr-

225 1649 309 1728 tur‚
334 1657 486 1730 oportet
512 1642 736 1736 incipiamus.

300 1775 349 1848 V.
378 1773 479 1849 inter
519 1777 721 1852 admiranda
749 1789 885 1852 naturae
917 1777 1177 1868 phaenomena,
1209 1795 1259 1848 vr·

226 1889 359 1950 uenata
385 1874 443 1946 iiia
464 1875 646 1968 praesidia,
672 1877 799 1968 quibus
825 1874 1152 1968 providentiffimus
1172 1873 1258 1948 Crer-

226 1987 290 2046 tor
331 1989 431 2046 certa
470 1975 627 2066 quedam
669 1973 858 2062 animalia,
896 1987 1028 2065 utpote
1068 1977 1257 2068 Scorpionis,

229 2073 481 2164 Scoioprndras,
520 2073 706 2156 Formicor,
746 2072 861 2168 Apes,
903 2074 1058 2145 Coluiros
1089 2071 1252 2158 instruxit,

225 2167 321 2242 haud
357 2167 470 2242 infimi
504 2167 583 2242 sunt
618 2169 768 2244 ordinis.
836 2169 994 2256 Modus,
1030 2191 1104 2261 quo
1136 2169 1256 2264 serpens

224 2267 414 2346 mordeat.
442 2289 517 2340 non
546 2289 667 2361 parum
694 2267 800 2340 torsrt
824 2287 951 2362 magna
978 2267 1199 2342 eruditorum
1217 2267 1257 2336 ir·

226 2365 345 2462 genia.
394 2363 513 2437 REDI
540 2388 615 2438 rem
642 2387 708 2438 acu
732 2362 887 2462 tetigisse
916 2365 1085 2456 videtur,
1111 2363 1259 2438 docendo

225 2461 379 2538 lethales
412 2460 595 2554 serpentes
621 2463 791 2535 mordere
824 2463 1019 2554 majoribus
1048 2465 1197 2537 maxiiiae
1218 2459 1257 2532 su·

225 2559 379 2654 perioris
415 2559 606 2644 dentibus,
644 2561 838 2632 mobilibus
866 2561 958 2648 iilis,
990 2561 1196 2648 excavatis,
1223 2553 1258 2630 ad

225 2657 363 2748 apicem
392 2658 526 2730 leviter
558 2657 774 2748 perforatis,
804 2658 922 2730 &sub
946 2657 1017 2732 basr
1048 2655 1258 2733 vesicamfo·

225 2756 422 2840 ventibus,
458 2755 631 2829 refertam
659 2755 821 2848 liquore,
847 2757 906 2848 qui
933 2755 1073 2830 vulneri
1108 2757 1168 2830 sub
1197 2750 1259 2846 ipso

225 2853 344 2928 morsu
369 2853 516 2944 injedius
541 2854 641 2927 causa
664 2853 714 2926 est
738 2851 1044 2948 symptomatum,
1079 2878 1157 2948 quae
1180 2871 1259 2926 mor·

225 2950 281 3028 sus
312 2951 514 3045 serpentum
548 2947 750 3041 seqduntur.
799 2951 1030 3046 Ceteroquin
1061 2955 1154 3024 adeo
1176 2945 1260 3024 ruitis

226 3047 279 3124 est
312 3049 371 3124 hic
402 3049 541 3141 liquor,
576 3065 618 3123 ut
652 3049 724 3122 srne
745 3051 908 3142 periculo
938 3049 981 3120 ab
1012 3049 1160 3124 homine
1188 3047 1258 3121 sano

225 3147 395 3243 deglutiri
431 3161 550 3240 queat.
623 3145 721 3220 Dum
772 3169 862 3220 vero
904 3147 1043 3219 vulneri
1089 3145 1259 3220 instiiiatur

227 3246 262 3316 dt
306 3243 464 3340 sanguini
510 3259 676 3338 tanquam
714 3267 777 3338 par
816 3245 999 3338 srphonem
1033 3243 1258 3327 immiscetur,

223 3337 466 3436 symptomata
494 3337 663 3414 creantur
690 3343 881 3434 unicuique
914 3342 1116 3436 serpentum
1143 3335 1257 3438 speciei

222 3443 388 3534 propria:
425 3441 471 3510 src
502 3440 638 3513 morsus
668 3439 803 3533 Aspidis
827 3441 964 3513 inducit
994 3440 1187 3530 Somnum,
1212 3441 1257 3510 sr-

222 3537 321 3628 rastis
340 3535 549 3623 Tetanum,
577 3541 698 3632 Vipera
713 3539 885 3626 Isierum,
912 3542 1002 3634 Supir
1021 3539 1257 3630 Gangrenam,

223 3635 382 3734 Dipsadir
399 3636 659 3732 Poiydipsram,
689 3639 848 3732 Pastoris
869 3651 1049 3710 tumorem
1076 3633 1259 3807 {APUT

262 3907 298 3987 θ)
331 3913 446 3980 Anu.
471 3909 568 3976 Aras.
584 3932 612 3982 r.
640 3927 672 3994 p·
690 3901 758 3980 113.
827 3973 830 3982 .
