2702 4792
259 291 306 376 η
490 280 809 362 oucouorrm
845 261 1089 364 umbrie.
1207 241 1209 246 ’

197 487 200 497 ·
256 464 366 562 bigue
400 465 528 564 arguit.
577 466 677 560 Quin
705 467 816 544 immo
843 467 913 562 ipsa
931 486 1028 562 gurra
1052 483 1151 544 ravat
1177 460 1299 564 lapides,

257 584 323 638 non
346 568 385 638 oi
401 561 461 660 sed
473 561 557 662 sepe
583 564 742 640 cadendo:
771 568 822 641 ita
850 581 891 638 ot
920 565 1040 639 mirari
1070 583 1145 641 non
1174 587 1303 640 conve·

258 663 356 751 nior,
383 664 532 737 transrre
558 655 633 736 hec
664 655 835 738 durifflma
861 669 1014 757 corpora
1041 665 1300 758 inpuberem,

218 817 220 820 .
258 759 292 832 dr
324 761 500 854 temporis
533 761 706 834 edacitati
744 785 814 838 una
849 783 929 837 cum
959 761 1104 856 reliquis
1139 763 1218 846 esse¹
1243 763 1303 836 ob·

256 876 376 932 uoxre.
736 915 738 918 .
1051 913 1053 916 ψ

330 1024 447 1102 Areua
471 1023 632 1100 redditur
664 1048 709 1100 ex
741 1027 837 1114 Coro,
861 1049 937 1120 quae
963 1024 1156 1102 destruitur
1178 1025 1303 1120 partim

257 1126 361 1218 gelu,
400 1125 497 1216 quod
520 1126 667 1199 eaodem
695 1123 870 1198 friabilem
894 1123 1032 1211 reddit,
1060 1126 1188 1217 partim
1206 1145 1304 1216 aqua·

255 1243 335 1295 rum
368 1222 606 1316 fluduumque
644 1222 865 1318 agitatione,
899 1244 965 1314 qua
998 1223 1058 1310 id,
1096 1221 1193 1316 quod
1224 1223 1304 1316 gelu

257 1319 397 1392 friabile
436 1319 619 1408 euaserat,
644 1319 750 1393 facile
779 1322 972 1411 atteritur,
999 1319 1173 1410 solvitur,
1199 1319 1304 1414 inque

255 1416 500 1503 minutissimes
529 1419 722 1512 particular
747 1417 933 1514 redigitur.

326 1583 422 1658 Creta
455 1583 613 1676 terrestris
642 1582 677 1660 S.
704 1581 753 1656 N.
770 1593 837 1674 48:
860 1597 903 1676 3,
923 1607 957 1674 4.
984 1579 1026 1656 fit
1057 1599 1102 1654 ex
1127 1590 1305 1653 marmore

255 1681 356 1772 rudi,
387 1681 482 1776 quod
505 1679 664 1755 solverat
687 1687 768 1772 a·e·r‚
796 1699 907 1776 aquo,
934 1681 1045 1754 sol&
1072 1690 1228 1769 ventus,
1251 1676 1306 1752 uti

254 1795 357 1880 putot
385 1804 429 1854 ex
455 1780 669 1854 Gorrlandia
699 1776 748 1869 r).

259 1965 265 1974 ’
333 1945 464 2023 Humor
507 1947 625 2042 &bisti
663 1944 700 2018 S.
730 1943 781 2017 N.
811 1963 876 2034 51:
911 1962 942 2018 r.
986 1938 1163 2034 originem
1194 1939 1307 2014 debet

254 2042 405 2136 schisto,
429 2046 625 2134 imbribus,
655 2049 760 2132 edre,
786 2045 940 2137 geluque
966 2035 1086 2113 soluto
1101 2031 1159 2134 p).

325 2217 434 2288 Orbro
455 2211 500 2286 fit
526 2237 572 2287 ox
596 2213 752 2286 metaliis
779 2211 926 2297 solutis,
951 2228 1101 2298 quorum
1126 2208 1306 2280 residuum

250 2314 400 2384 eosdem
438 2313 583 2384 colores
617 2310 757 2397 induit,
790 2312 916 2400 quibus
948 2306 1118 2388 mineram
1145 2308 1217 2377 a'e'ri
1246 2327 1309 2376 err·

250 2409 403 2504 positam
442 2409 588 2482 tiodiem
637 2407 706 2482 effe
744 2407 949 2496 ubicunque
991 2403 1307 2495 deprehendimus.

257 2510 396 2581 Wrrr'oia
434 2507 512 2604 peri
549 2507 661 2582 modo
703 2527 748 2578 err
785 2502 966 2578 destrueris
996 2501 1145 2574 mineris
1178 2522 1310 2594 aquam

247 2603 399 2678 intrant.

254 2753 257 2860 J
320 2757 439 2838 Murio
474 2763 649 2860 saxatilis,
692 2761 726 2834 S.
756 2759 806 2833 N.
826 2781 891 2850 14:
917 2765 952 2838 6.
987 2781 1055 2852 qua
1082 2769 1204 2848 portes
1243 2755 1311 2828 mu

246 2855 418 2936 obversas
450 2859 601 2933 solvitur
623 2860 658 2934 in
684 2859 863 2947 sabulum,
892 2858 988 2950 quod
1010 2859 1045 2930 in
1068 2863 1197 2926 terram
1222 2875 1312 2945 pau*

247 2960 348 3032 latim
379 2957 538 3043 decidit.
578 2959 697 3031 donec
731 2971 854 3029 totum
894 2958 1019 3029 eadem
1052 2951 1312 3026 destruiiionis

246 3055 425 3133 methodo
464 3055 644 3130 interierit
682 3047 744 3151 q),
779 3069 821 3126 ut
853 3057 970 3144 plores
998 3069 1148 3125 taceam.
1203 3049 1315 3122 Tarr-

207 3153 215 3170 '
247 3157 329 3229 dem
353 3153 397 3227 e'x
425 3153 480 3228 his
509 3173 630 3241 nova,
662 3173 766 3246 quam
791 3151 966 3240 diximus,
995 3150 1113 3222 existit
1144 3149 1315 3240 iapidum

248 3252 460 3349 generatio,
500 3251 591 3324 adeo
628 3263 670 3324 ut
704 3247 1029 3324 unius'dessrudiio
1063 3245 1215 3320 alterius
1254 3267 1317 3318 rea

247 3350 459 3448 iiaurationi
491 3348 627 3442 semper
654 3345 836 3422 inserviat.

329 3515 469 3616 Yrstorer'
493 3541 616 3593 vermos
641 3471 809 3595 nec⁸hoc
832 3521 918 3593 loco
947 3519 1216 3616 protereuudi‚
1251 3517 1319 3610 qui

247 3620 342 3722 ipsos,
365 3628 486 3714 petras
518 3616 712 3694 duriffimrr
747 3619 933 3693 orrodurrt.
999 3622 1151 3695 cunero
1173 3620 1324 3792 sioserlieorr⁸

1243 3744 1261 3791 0

288 3986 322 4064 ο)
334 3987 375 4050 u.
387 3982 477 4050 ouer.
488 3998 557 4067 170.
622 3984 662 4072 p)
675 3988 715 4053 u.
729 3957 920 4064 orooro.
998 3989 1280 4078 duorum
