2702 4792
256 150 305 240 5⁶
473 142 787 230 OECONOMIA
829 147 1074 229 nuruum.

330 317 357 326 ’·
698 331 733 428 a.
783 326 861 408 xx.

292 537 296 546 ’
334 521 487 597 Humanis
511 520 654 597 demum
679 521 814 610 cauffa,
841 521 877 595 hi
901 543 1028 596 omnes
1048 532 1183 595 nature
1198 519 1288 597 The·

258 619 370 709 sauri,
407 621 463 710 qui
497 619 533 690 in
566 621 680 693 tribus
716 633 850 693 naturae
881 620 1013 714 Regnis
1041 619 1286 711 continentur,

256 717 338 791 fadi
366 717 555 804 videntur,
584 737 674 810 quos
699 732 774 790 tarn
802 716 992 790 artificiose
1016 717 1199 804 condidit,
1223 733 1287 791 tam

259 815 350 888 mire
395 814 581 908 propagari
622 813 733 902 fecit,
778 814 912 886 &tarn
951 815 1104 907 provide
1130 813 1287 886 sustentat

258 909 415 985 summus
443 931 559 982 rerum
585 911 812 984 Moderator.
865 911 981 1004 Hujus
1004 913 1077 985 usui
1102 913 1239 998 omnia,
1265 909 1285 984 i

258 1017 335 1082 non
366 1007 541 1092 mediate,
577 1009 700 1085 saitem
738 1009 945 1086 immediate
974 1011 1103 1085 cedere
1134 1007 1286 1104 poliunt,

259 1106 391 1180 cereris
419 1126 494 1181 non
520 1104 620 1182 irem.

330 1321 497 1397 Rationis
532 1345 604 1418 ope
639 1324 752 1398 homo
791 1323 1000 1399 ferocidima
1037 1323 1199 1397 animalia
1233 1322 1288 1396 do-

258 1419 355 1507 mat,
388 1420 604 1494 velociffima
635 1422 853 1514 persequitur
883 1425 917 1495 dt
947 1422 1063 1515 capit,
1087 1421 1198 1494 immo
1223 1441 1287 1512 qua

258 1517 459 1690 {ingunde
500 1520 607 1596 maris
644 1518 910 1598 absconduntur
948 1521 1137 1654 viventia,
1172 1517 1288 1614 affequi

329 1829 498 1906 Rationis
529 1854 622 1927 ope,
659 1807 875 1930 vegetabiiia
901 1833 937 1906 in
964 1831 1171 1906 immensum
1196 1841 1289 1926 auget

260 1949 462 2017 numerum,
496 1931 529 2002 dt
558 1945 634 2005 arte
660 1933 719 2004 iiia
745 1932 873 2020 efficit,
909 1953 984 2021 quae
1014 1948 1140 2005 natura
1164 1929 1223 2002 fibi
1244 1949 1289 1998 re·

259 2024 342 2100 litis
377 2027 438 2098 vix
474 2027 620 2104 iaceret.
683 2029 737 2103 Ex
775 2019 1029 2130 vegetabilium
1064 2049 1201 2122 regno,
1224 2045 1289 2135 qua

262 2124 369 2214 cibo,
410 2127 537 2217 potui,
583 2126 829 2216 vestimentis,
871 2126 1165 2214 medicamentis,
1201 2141 1288 2196 nau·

260 2221 492 2315 parionibus,
526 2223 559 2294 dr
589 2223 805 2310 innumeris,
835 2223 877 2294 ad
916 2223 1002 2294 vitae
1031 2222 1098 2294 strae
1127 2218 1291 2316 recedita·

260 2332 338 2400 tem
368 2321 402 2396 dt
428 2322 728 2398 commoditatem
760 2319 957 2412 sufficiunt,
982 2320 1167 2418 ingenioie
1189 2327 1287 2412 parat.

337 2533 498 2607 Minerua
520 2551 562 2606 ut
591 2533 777 2623 obtineat,
803 2535 839 2606 in
864 2548 966 2607 terra
985 2532 1141 2625 abyssum
1163 2532 1289 2605 descen·

264 2630 348 2704 dere
375 2627 408 2702 dr
434 2631 509 2703 fere
533 2631 665 2703 viscera
693 2633 828 2703 teiiuris
858 2633 1003 2704 scrutari
1030 2631 1175 2718 didicit3
1202 2649 1289 2721 quam

160 2797 162 2800 .
262 2724 503 2800 artificiosene
556 2729 663 2800 novit
711 2729 910 2820 fragmenta
955 2749 998 2800 eu
1038 2727 1221 2802 duriffimis
1248 2726 1290 2796 di·

264 2827 403 2898 vellere
433 2825 640 2914 montibus,
680 2825 873 2898 duriffimos
907 2825 1039 2917 lapides
1071 2824 1177 2897 instar
1206 2843 1290 2915 aqua

265 2923 397 2998 fluidos
429 2923 598 3010 reddere,
638 2924 738 2994 utilia
782 2925 924 2994 metalla
956 2947 998 2994 ex
1030 2922 1215 2996 inutilibus
1250 2921 1290 2992 di·

263 3019 444 3115 stinguere
468 3020 603 3106 storiis,
640 3020 675 3092 dr
697 3019 929 3098 tenuiiiimum
951 3020 1118 3095 Sabutum
1138 3025 1242 3116 etjam
1262 3018 1292 3091 in

265 3119 419 3212 aliquem
442 3135 588 3191 vortere
613 3117 723 3196 usum.

285 3345 290 3364 '
341 3333 390 3408 Et
418 3332 502 3426 quid
522 3333 660 3408 muita?
694 3334 775 3406 dum
811 3333 932 3406 seriem
964 3355 1078 3406 rerum
1107 3350 1292 3408 creatarum

263 3431 521 3523 sequiorem&
556 3431 817 3506 consideramus
863 3453 963 3524 quam
1006 3433 1158 3523 provide
1196 3449 1293 3503 unum

263 3544 416 3624 propter
445 3530 593 3602 aiterum
623 3529 749 3602 fadum
783 3530 846 3615 sit,
879 3552 936 3602 rea
960 3532 1102 3600 tandem
1128 3552 1175 3602 eo
1204 3547 1292 3601 reco-

263 3625 339 3711 dir,
374 3625 496 3700 onmia
529 3641 677 3719 propter
708 3627 890 3700 hominem
925 3628 1012 3700 faria
1042 3626 1135 3708 erte,
1164 3628 1289 3702 &eum

261 3727 439 3821 precipue
466 3723 504 3800 iu
535 3721 665 3818 fioetu,
703 3739 744 3802 ut
774 3724 857 3814 ille,
890 3745 999 3822 opera
1028 3724 1220 3834 Creatoris·
1240 3719 1290 3792 ad

1172 3839 1290 3900 mtraa·
