2702 4792
225 203 274 288 ar
328 137 335 148 ’
430 164 775 296 'oaeouourn
797 169 1060 273 unruna'.

193 430 196 449 ,
225 377 376 470 gantur,
412 393 455 444 ac
486 371 510 444 sr
540 373 576 446 in
600 371 748 466 planitie
781 388 886 447 terre
920 373 1145 461 crescerent,
1171 371 1276 446 adeo?

224 494 294 562 que
331 468 464 544 fruetus
506 469 636 543 maturi
679 470 715 544 in
745 469 840 544 usum
875 471 1060 546 hominum
1085 469 1119 544 ἃ
1149 469 1275 544 anima·

224 569 312 640 lium
346 567 498 649 cedere,
527 567 659 640 sernina
689 589 781 668 vero
806 568 1009 642 animalium
1031 589 1103 659 ope
1128 567 1273 661 dispergi
1299 565 1301 570 ’

223 665 381 758 poliunt.
433 662 578 754 Insuper
610 664 646 737 in
681 685 804 740 earum
840 666 938 739 foliis
965 684 1038 740 ova
1064 666 1120 738 sua
1145 666 1274 756 potissi·

224 782 323 837 mum
358 761 545 853 deponunt
575 760 723 850 inserta,
758 778 800 836 ut
824 764 992 844 arborum
1017 761 1186 838 struitura
1213 783 1274 836 eo·

223 857 472 953 tum'guoque
502 858 755 954 propagationi
788 857 970 934 inserviat.
1035 864 1053 876 ”

297 1071 744 1147 SEMPERVIRENTES
789 1073 935 1148 arbores
981 1071 1016 1147 tr
1048 1073 1198 1150 frutices
1239 1075 1274 1150 in

224 1169 437 1248 sterililsrmia
466 1171 561 1245 ulvis
593 1172 801 1266 plerumque
834 1173 928 1266 apud
959 1193 1028 1246 nos
1054 1173 1211 1267 degunt,
1234 1187 1275 1246 ut

225 1271 458 1346 hibernacula
496 1269 562 1340 srnt
600 1269 829 1345 animalibus:
870 1270 958 1343 solia
993 1271 1105 1343 tertio
1137 1285 1275 1343 tanturn

225 1365 356 1460 quovis
381 1386 477 1438 anno
507 1365 717 1455 deponunt,
748 1391 827 1440 curn
858 1369 937 1457 ipsrs
962 1367 1006 1440 ad
1027 1383 1274 1464 tegumentum

225 1487 302 1540 non
333 1475 463 1558 egeant
490 1462 619 1537 semina
650 1465 825 1538 aMuscis
853 1465 936 1536 satis
963 1465 1150 1537 custodlta.
1202 1465 1275 1538 Pal·

225 1583 293 1636 ntae
321 1582 413 1632 vero
447 1561 482 1632 in
503 1562 642 1658 calidis
667 1564 878 1656 regionibus
903 1563 992 1636 solia
1019 1581 1197 1655 perpetuo
1222 1585 1272 1635 re·

227 1661 370 1743 tinent,
410 1657 538 1750 quippe
564 1679 715 1750 quorum
747 1661 934 1750 auxilium,
975 1659 1017 1732 ad
1048 1658 1218 1754 seminum
1256 1678 1274 1731 a

226 1755 362 1928 sriigrore
398 1756 737 1852 conservationem,
776 1757 846 1832 illis
883 1758 921 1831 in
957 1757 1047 1831 locis
1081 1757 1176 1834 haud
1215 1777 1274 1834 ne·

228 1877 271 1929 ce
302 1875 424 1929 artum.

299 2069 521 2170 SUNOSAE
541 2069 620 2147 sunt
642 2078 764 2150 multae
789 2077 922 2170 plante
945 2073 1172 2165 esurires,
1197 2095 1228 2146 e.
1242 2092 1275 2168 g·

230 2171 422 2252 Rhamnes,
467 2173 624 2256 Pronus,
676 2177 843 2259 Carrlrrus,
896 2175 1086 2266 Onopordorr
1125 2173 1193 2244 &o
1236 2182 1275 2242 ut

225 2269 295 2341 suls
336 2267 441 2361 spinis
483 2270 647 2344 animalia
691 2289 855 2354 arceant,
911 2293 986 2360 qua
1028 2271 1112 2342 alias
1157 2287 1275 2342 earum

225 2361 359 2442 fruitus
386 2365 490 2437 facile
517 2366 751 2440 destruerent.
811 2369 876 2442 llae
902 2367 1002 2441 linrul
1029 2366 1089 2438 sub
1117 2367 1178 2440 suo
1204 2368 1276 2439 srnu

225 2463 344 2537 varias
368 2464 452 2535 aliar
481 2465 641 2552 plantas,
669 2466 858 2557 prasertim
888 2485 1021 2540 annuas
1050 2465 1274 2550 recondunt;

225 2575 290 2647 ut,
321 2560 403 2633 dum
436 2561 552 2652 campi
584 2562 787 2652 adjacentes
817 2563 1019 2637 animalium
1047 2562 1273 2650 voracitate,

226 2655 359 2751 plantis
386 2659 552 2731 omnibus
582 2657 723 2750 spoliati
750 2661 851 2743 sunt,
879 2659 1060 2732 nonnulle
1086 2659 1147 2731 sub
1170 2657 1273 2752 spinis

227 2755 511 2842 conserventur,
558 2777 634 2846 quae
675 2758 786 2831 flores
826 2758 915 2830 fruet
960 2779 1027 2849 que
1070 2771 1274 2844 maturant,

228 2851 263 2926 δι
288 2851 478 2926 seminibus
512 2852 580 2926 suis
605 2855 687 2929 loca
715 2856 914 2950 adjacentia
954 2867 1083 2945 erunt,
1107 2875 1155 2930 ne
1176 2852 1275 2951 peni·

225 2957 286 3024 tus
320 2948 571 3041 exstirpentur.

298 3166 480 3244 HERBAE
505 3189 631 3242 omnes
659 3169 756 3243 soliis
778 3169 844 3242 suis
868 3184 1000 3242 terrant
1027 3180 1181 3262 tegunt,
1203 3166 1276 3241 sua·

226 3290 295 3361 que
319 3269 410 3338 adeo
432 3267 556 3338 umbra
580 3265 760 3356 efficiunt,
788 3282 829 3338 ut
847 3267 976 3341 humor
996 3286 1150 3357 aqueus,
1182 3263 1275 3337 unde

225 3365 383 3459 ipsaemet
422 3367 581 3449 alantur,
624 3365 717 3440 haud
756 3365 861 3439 facile
893 3365 975 3438 solia
1009 3363 1093 3437 astu
1121 3365 1276 3436 exllcce·

224 3473 303 3548 tur;
331 3462 442 3533 immo
480 3463 587 3552 etjam
623 3477 839 3536 ornamento
865 3461 945 3534 sunt
975 3477 1100 3548 terrae,
1133 3460 1275 3554 praeser·

224 3559 290 3632 tim
329 3580 409 3660 cunr
444 3557 528 3630 solia
562 3559 598 3631 in
632 3559 801 3653 superiori
835 3577 958 3650 parte,
988 3559 1111 3634 virore
1136 3557 1275 3654 semper

223 3657 336 3756 magis
366 3671 471 3755 grato
500 3653 625 3732 ludant
648 3677 689 3732 ac
712 3657 751 3734 iu
779 3656 956 3732 inferiori.

1091 3821 1272 3938 uusct,
