2560 4778
342 223 679 344 ΪΝ-ΠἿΒΕΟΤΙΕ.
711 261 717 270 ’
938 277 1042 372 ‘apg

6 437 184 540 iryiiaeripa
209 439 276 516 sub
306 441 421 516 humo
448 442 484 517 dt
511 443 648 538 Grylios
667 441 855 534 domminus
877 438 959 534 ,soei
986 439 1041 515 int

6 537 80 612 nias
135 543 232 635 Qun
261 553 395 634 portat
423 542 496 614 aiat
521 538 596 614 suaa
627 541 720 614 adeo
746 539 974 615 verticaiiter
997 553 1040 610 ut

6 641 122 734 aptita,
152 638 250 712 adeo
269 637 557 712 horizontaliter
571 652 613 710 ut
629 637 778 735 perpura,
803 637 895 710 adeo
913 633 1039 728 demisff

6 733 35 806 'aa
50 749 86 808 ut
106 737 300 812 Pinianus
353 736 445 829 Que
467 736 635 810 recondit
658 737 732 811 asar
750 735 927 829 vaginulis
944 730 1038 807 aden

6 833 227 926 elegantibus,
260 848 307 908 ut
331 837 525 920 Centauris,
548 851 611 907 aut
635 833 730 908 adeo
756 831 909 908 desirate
936 847 1039 908 conr·

6 931 100 1016 ticet,
131 949 175 1004 ut
200 928 402 1028 Forficrdo‘s

55 1047 105 1118 13·
129 1026 290 1102 Curiosr
321 1027 372 1102 est
397 1027 488 1124 Apis
512 1027 745 1103 oeconomia.
794 1026 877 1100 Una
895 1023 1039 1101 semina

6 1141 77 1212 tuam
95 1145 218 1220 regem
242 1139 411 1214 vocant,
437 1139 535 1199 etot
560 1126 715 1200 maribus
737 1125 795 1201 seu
818 1122 847 1198 F
851 1125 927 1201 unia
943 1143 1039 1198 ama·

6 1241 57 1307 ur,
84 1243 173 1313 quoa
200 1223 279 1318 ipsa
308 1223 529 1316 comprimit.
590 1223 679 1318 Huc
702 1245 772 1298 una
798 1219 848 1296 est
873 1220 1039 1298 omnium

6 1317 188 1393 ›nichrioris
208 1321 340 1410 sexus,
369 1321 426 1396 cui
444 1320 601 1393 Creator
616 1319 705 1412 Opt.
723 1321 822 1394 Max.
841 1319 943 1394 dedit
961 1319 1039 1392 sub·

6 1413 99 1489 eiiam
124 1417 188 1491 fibi
218 1419 360 1492 habere
377 1420 588 1492 maritorum
616 1419 860 1492 voluntatem.
916 1417 1039 1491 Multa

6 1509 206 1590 :ircumstant
225 1517 344 1594 miliia
361 1515 627 1604 Castratorum,
658 1517 716 1607 qui
735 1515 851 1589 veluti
869 1511 962 1588 servi
981 1533 1037 1586 re·

7 1605 79 1698 inuis
106 1613 330 1690 ministrant.
381 1614 488 1686 Adeo
513 1613 603 1687 mire
627 1613 841 1688 construunt
864 1611 1035 1702 alvearia,

6 1703 149 1780 &erade
171 1711 349 1786 dividunt
374 1711 504 1800 savoa,
530 1725 571 1784 ut
588 1711 677 1792 nihil
693 1710 792 1806 supra
815 1709 920 1806 poffit
939 1710 1038 1785 seve·

6 1821 46 1875 rua
66 1805 348 1882 Geometrarum
369 1810 539 1885 calculus.
824 1884 832 1902 ,

63 1923 113 1994 ¹4·
150 1909 378 1994 Attendite,
399 1906 549 1999 -quaeso,
589 1907 631 1978 ad
673 1905 789 2002 Vesper
830 1903 1039 1979 munienter

6 1995 85 2072 nidos
108 2001 189 2078 suos
212 2006 375 2080 vesrcuia
392 2006 483 2092 laxa,
511 2004 579 2076 alia
605 2004 706 2098 supra
727 2003 761 2076 dt
784 2003 879 2076 intra
911 2003 1038 2092 aliam;

6 2095 148 2174 ruinam
166 2119 275 2192 parte
297 2100 420 2176 infimi
443 2100 536 2176 arsia
555 2115 682 2194 porta,
709 2121 784 2193 quae
804 2099 905 2176 simul
931 2119 1040 2178 unam

6 2201 120 2270 tentum
145 2201 260 2292 capit.
326 2200 450 2292 Atque
467 2199 568 2276 ,hanc
597 2197 727 2292 stipant
755 2199 893 2294 semper
919 2194 1038 2270 custo·

7 2285 71 2379 des,
98 2315 142 2368 ne
162 2297 362 2391 inopinato
379 2297 491 2372 hostis
511 2299 698 2390 irrumpat.

66 2419 115 2490 ις.
145 2401 326 2502 Cogitate
352 2409 681 2502 magnoni-'ormicae
704 2405 859 2480 laborer.
909 2405 1036 2506 Mater

10 2509 144 2573 curarum
163 2504 299 2594 vacui,
326 2505 438 2597 juniii
462 2505 571 2580 novis
595 2505 740 2598 nuptie,
767 2504 952 2578 turmatim
971 2503 1038 2578 ob·

8 2593 167 2670 ambulant
183 2601 221 2674 in
241 2602 368 2694 amplis
387 2602 562 2693 porticis,
586 2624 658 2696 quo
673 2601 764 2678 iusur
779 2602 813 2674 u
830 2599 1040 2676 desesiatio·

6 2693 236 2796 nesinvitant.
289 2698 450 2792 Reliquae
465 2720 580 2790 vero,
605 2700 722 2777 veluti
733 2701 925 2795 mancipia,
949 2713 1038 2774 toto

7 2781 51 2853 dre
65 2809 283 2886 operantur,
309 2796 529 2891 domumque
554 2811 704 2891 portant
724 2796 869 2886 trabea,
899 2793 1040 2872 Casam-

7 2897 60 2968 que
74 2887 294 2968 adventante
311 2895 445 2988 hyeme
459 2909 604 2988 parant,
631 2893 845 2970 &fasciatos
864 2895 1040 2988 parvulo·

7 2973 56 3049 ioli
76 3005 277 3079 exponunt.
327 2991 471 3068 Interea
488 2993 621 3067 labitur
642 3009 809 3084 tempus,
837 2989 1039 3064 blanditiis·

9 3089 61 3162 sue
80 3079 158 3158 sinin
183 3089 249 3165 est.
299 3089 453 3164 Peraiiie
477 3090 613 3184 nuptiis
638 3090 779 3186 peliunt
803 3085 954 3162 Castrati
977 3106 1062 3189 pa»¹

9 3179 85 3250 irem
100 3196 322 3281 matremque
340 3187 500 3278 sedibus,
524 3187 657 3282 ipsque
673 3187 820 3264 domum
843 3181 1037 3277 instruunt,

7 3277 199 3364 usquedum
219 3285 338 3358 relisit
363 3285 556 3383 progenies
574 3301 714 3363 matura
730 3281 776 3360 sit
793 3281 953 3372 Veneri,
978 3301 1042 3376 pa·
1065 3381 1067 3386 ,

10 3361 113 3476 daque
133 3377 233 3453 ineat
250 3383 432 3474 sponsalia.
1032 3389 1039 3402 '
1063 3385 1064 3390 ‘

54 3475 125 3574 ‘16.
154 3477 350 3556 Attendite
376 3479 421 3554 ad
449 3481 589 3578 pufiiiar
613 3479 761 3578 Aphidas
791 3479 853 3556 sub
878 3477 1042 3576 tegmine

12 3552 164 3646 thorurn
185 3579 423 3652 recubantem·
467 3579 560 3674 Quia
581 3580 749 3654 crederet
777 3577 887 3652 facile
913 3579 1066 3676 harum,

12 3647 243 3766 Paranymphis
261 3675 531 3762 affirmantibur,
557 3677 653 3768 quod
671 3677 694 3752 ii
711 3673 944 3751 matersemei
962 3693 1041 3750 rem
1063 3765 1066 3772 1
1117 3719 1145 3734 ..

10 3745 158 3858 hebuerit
193 3792 275 3848 cum
309 3774 465 3864 marito,
499 3771 607 3848 filiam
642 3767 835 3868 deinceps,
875 3779 1039 3866 neptem,

12 3859 516 3964 l11¹0nitraepterari'quiiataur
543 3869 655 3966 usque
681 3871 955 3970 generationem
975 3867 1041 3940 foe·

14 3950 127 4034 cindta
144 3957 429 4063 sierieonsortio
446 3967 605 4066 devie,
628 3969 706 4050 siue
725 3969 892 4054 uuafviri
914 3973 1041 4142 efferi·

77 4071 88 4118 ·‘
527 4079 532 4086 ·
698 4079 705 4088 ·
772 4081 774 4086 ’
953 4073 1043 4158 tque
