2604 4788
187 297 191 306 .
230 233 304 320 232
584 181 689 294 nam
729 205 931 292 soccus.

231 404 350 480 fames
374 400 486 477 efficit
514 417 556 476 ut
584 425 604 473 a
635 400 781 494 ungulis
810 417 885 469 non
922 390 1039 466 statim
1066 389 1256 466 moriantur:

232 501 309 575 hoc
336 516 455 574 autem
492 515 632 575 certum
662 499 734 584 est,
762 495 857 590 quod
882 491 968 564 talia
994 490 1056 564 vix
1084 511 1125 562 ac
1149 510 1192 562 ne
1212 488 1257 560 v'u

235 599 380 694 quidem
408 600 547 674 bonum
577 597 659 692 iplis
683 592 949 672 subministrent
977 589 1193 664 alimentum.

245 872 249 880 s
311 798 346 869 6.
376 793 527 865 Utilitas
562 793 666 884 hujus
700 789 856 865 scientiae
878 810 955 863 non
979 786 1032 860 est
1054 789 1147 861 nuda
1168 787 1256 860 curio·

231 891 340 974 mas,
369 890 440 963 ¹etsr
468 890 641 978 scientia,
666 911 743 983 quae
772 888 879 962 nobis
904 885 1075 982 stupenda
1105 885 1258 962 Creatoris

232 1009 346 1080 opera
397 987 603 1076 monstrat,
654 1007 833 1081 nunquam
879 1007 954 1058 non
999 984 1118 1080 magni
1161 983 1199 1056 fit
1224 983 1258 1057 la·
1293 1051 1294 1104 1

231 1086 382 1174 cienda;
422 1109 538 1180 neque
582 1106 647 1180 per
696 1107 773 1158 eam
812 1083 1033 1156 intendimus
1072 1083 1260 1174 peculiarem
1293 1105 1294 1198 p

230 1181 331 1256 usum
388 1185 590 1273 medicum,
646 1201 689 1257 ut
724 1203 855 1275 nempe
900 1181 1140 1255 concludatur
1190 1182 1294 1270 hanel

230 1284 294 1352 vel
330 1282 424 1354 illam
459 1284 604 1355 herbam
644 1282 785 1355 homini
813 1278 884 1352 elle
924 1278 1093 1366 noxiam,
1130 1301 1203 1354 cum
1228 1281 1258 1353 ab

229 1377 307 1453 hoc
337 1381 398 1454 vel
429 1380 491 1452 illo
522 1381 662 1454 animali
694 1381 803 1452 bruto
830 1399 906 1451 noo
932 1375 1180 1452 comedatur:
1204 1377 1259 1450 Ne
1293 1399 1294 1462 l

128 1497 135 1508 ⁸
232 1499 302 1568 que
345 1479 583 1570 adprobamus
621 1477 787 1571 Wepferi
828 1475 1075 1568 experimenta
1118 1475 1153 1549 in
1186 1478 1259 1551 cani·

229 1575 299 1648 bus
339 1576 487 1665 aliisque
526 1571 767 1648 animantibus
802 1575 915 1667 faeta,
955 1574 998 1647 ad
1036 1571 1261 1671 defignandun

232 1692 394 1761 quanam
435 1675 574 1745 homini
608 1674 675 1746 smt
712 1674 882 1759 lethalia;
921 1669 978 1745 sed
1013 1671 1098 1772 usus
1129 1697 1149 1749 a
1178 1673 1258 1750 nobis
1293 1737 1294 1742 ,

231 1767 401 1845 intentus
433 1770 607 1864 imprimis
636 1770 687 1844 est
703 1770 997 1858 Oeconomicus.
1219 1785 1231 1791 ·
1293 1855 1294 1880 Ν

887 1885 891 1890 ’
1293 1883 1294 1964 l

245 1983 247 1986 ⁵
312 1999 355 2092 a)
388 2003 444 2078 Ex
475 2003 571 2078 hisce
601 2004 919 2080 observationibus
960 2007 1179 2082 concludere
1205 2002 1256 2099 pol·

229 2102 374 2191 sumus,
411 2123 454 2175 an
487 2101 612 2194 pascua
651 2105 808 2196 quaedam
840 2108 977 2180 bonum
1013 2108 1253 2196 praebeantpa

229 2201 323 2277 stum
362 2201 447 2276 huic
481 2201 540 2274 vel
578 2201 628 2273 illi
664 2203 866 2274 animalium
902 2202 1043 2294 speciei.
1114 2203 1256 2276 Vident!

226 2321 326 2474 m·
358 2300 503 2486 artis
1012 2395 1294 2470 ψ

228 2497 347 2590 tegit,
380 2509 421 2567 ut
458 2496 519 2567 vix
548 2495 591 2568 lit
631 2497 712 2588 ipsis
744 2496 886 2569 meandi
920 2497 1107 2589 potestas,
1146 2495 1258 2592 prorius
1293 2497 1294 2536 r

229 2594 438 2678 tabescere3
483 2595 633 2666 miratur
675 2592 823 2668 rusticus
856 2593 891 2665 de
927 2609 1031 2686 putat
1069 2595 1260 2692 vegetabilis

228 2690 310 2764 lraec
345 2690 451 2763 nimis
490 2690 561 2762 elle
593 2690 661 2764 illis
696 2693 862 2787 pinguia,
897 2693 1058 2768 nesciens
1090 2694 1259 2768 Ulmariau
1293 2761 1294 2788 ,

229 2787 366 2860 Vaccis
408 2810 482 2862 non
520 2787 590 2861 elle
624 2789 907 2878 nutrimentum3
952 2792 1058 2887 Capra
1090 2809 1258 2884 veroque
1293 2817 1294 2838 ¹

176 2955 183 2976 ,
230 2899 337 2960 extra
396 2885 633 2979 sepimentum
695 2887 822 2979 balat,
877 2910 945 2960 uec
1000 2889 1257 2975 intromittitur,

230 2984 430 3156 Uslmariam
475 2982 773 3075 delicatiffimam,
820 2982 1106 3082 utiliffimamque
1148 2987 1259 3083 judicat

229 3105 358 3158 ecam.
581 3115 586 3124 ·

303 3293 352 3388 β)
380 3299 440 3373 Ab
473 3298 568 3374 hisce
608 3299 864 3394 experimentis
896 3300 1162 3393 propemodum
1191 3297 1258 3390 diju·
1293 3317 1294 3372 3

228 3398 351 3472 dicare
395 3396 599 3490 pollumus,
641 3421 706 3491 per
738 3396 960 3471 adfinitatem
995 3399 1030 3471 dr
1062 3399 1257 3494 analogian:
1293 3387 1294 3444 ἶ

228 3516 276 3568 an
309 3509 411 3588 prata
449 3498 508 3568 vel
550 3495 675 3587 pascua
719 3495 822 3570 utilia
860 3511 922 3569 aut
952 3497 1063 3570 noxia
1099 3499 1166 3572 srnt
1193 3491 1257 3568 huic
1293 3473 1294 3564 i

227 3592 291 3662 vel
324 3593 383 3664 illi.
405 3594 572 3667 animali?
622 3593 664 3668 E.
687 3616 721 3690 g·
747 3591 877 3666 OVES
906 3593 1065 3684 nostras,
1091 3595 1128 3669 in
1147 3588 1258 3686 paludi·

226 3688 296 3762 bus
337 3711 477 3764 venena
522 3713 674 3786 capere,
719 3694 828 3787 longa
868 3691 995 3765 docuit
1033 3691 1256 3787 experientia,
1293 3713 1294 3784 p

225 3788 391 3882 quamvis
419 3809 552 3884 nemo,
582 3791 766 3868 antehoc
794 3801 940 3886 tempus
969 3791 1143 3884 noverit,
1166 3783 1258 3956 quodi
1293 3839 1294 3868 r

1194 3902 1231 3961 nr
