2702 4792
18 1761 40 1812 Ι

254 243 340 318 sso·
631 228 918 320 TAENIA.

251 412 354 488 ciculi
388 409 616 504 separantur,
660 413 694 485 b
727 413 876 507 separati
922 411 1064 490 articuli
1110 409 1319 505 secundum,

251 511 517 609 longitudinem
546 511 771 598 abbreviati,
800 513 836 585 in
868 515 1061 588 latitudine
1083 534 1173 584 vero
1196 511 1313 604 sueti,

251 607 405 683 sormam
437 610 625 700 acquirunt
655 607 797 683 seminis
826 611 966 684 hordei.
1015 611 1123 685 Unde
1157 611 1315 684 &hanc

252 706 404 800 speciem
436 707 583 802 corpori
612 705 722 781 inelle
751 709 966 784 censendum
997 709 1069 800 est,
1105 707 1189 782 dum
1213 709 1315 802 ejus·

252 807 353 902 modi
384 807 422 879 in
451 806 692 880 excrementis
724 807 965 881 observantur
988 808 1207 904 corpuscula.

556 1021 615 1064 ΙΙ
748 1022 807 1064 fl}
944 1025 1002 1066 ΙΙ

576 1071 595 1112 Ι
768 1071 787 1112 Ι
961 1076 982 1117 Ι

251 1233 315 1316 Ill.
331 1231 512 1312 TAENIA
529 1237 596 1308 lara
610 1225 739 1310 osculis
752 1236 958 1312 lateralibus
975 1237 1153 1313 solitariis.
1180 1235 1258 1334 lig.
1273 1257 1310 1334 3.

321 1395 445 1472 Descr.
496 1396 633 1496 ,Constat
694 1409 822 1492 corpore
871 1397 991 1488 plano,
1046 1397 1314 1488 membranacea,

253 1494 392 1582 lineari,
424 1501 529 1568 aurire
555 1508 724 1576 truncato,
759 1493 878 1588 postire
896 1487 1012 1585 senfirn
1040 1497 1075 1566 in
1096 1515 1228 1568 acumen
1253 1511 1312 1568 nt·

252 1611 401 1680 tenuata,
438 1595 630 1676 articulata,
664 1592 841 1685 secundum
874 1595 1029 1664 articulos
1064 1595 1207 1684 margine
1228 1589 1312 1687 ser·

253 1710 338 1770 rata.
381 1691 567 1784 Margines
592 1696 626 1760 in
654 1691 711 1760 lac
742 1687 850 1760 Taenia
870 1691 985 1784 plicari
1011 1689 1105 1782 sunt,
1130 1691 1311 1784 &super-

242 1793 339 1885 ficies
365 1805 510 1884 utraque,
523 1785 577 1876 feu
599 1791 701 1858 latero
724 1790 874 1880 plorans
901 1788 989 1874 liciis
1014 1789 1310 1878 longitudinalrlrus

253 1907 413 1972 exaram3
450 1881 604 1957 Articuli
635 1889 669 1956 in
701 1885 759 1956 lac
791 1888 881 1976 lange
907 1881 1092 1981 irruiffinri,
1120 1891 1166 1958 ita
1192 1899 1228 1957 ur
1256 1890 1311 1958 la·

253 1991 356 2062 arcada
378 1990 498 2058 verinis
514 1983 597 2076 sepa
626 1984 756 2076 decupla
780 1982 823 2073 est
850 1981 984 2076 respeelu
1013 1985 1223 2076 longitudinis
1248 2007 1308 2054 nr·

251 2091 354 2161 ciculi.
410 2081 579 2153 Osculum
612 2079 666 2170 feu
694 2095 795 2176 porus
838 2086 952 2153 unicus
988 2084 1077 2154 mado
1110 2079 1308 2174 conspicitur

252 2187 363 2278 ansus
406 2179 494 2275 infin
538 2181 689 2264 articuli,
730 2183 766 2252 iu
800 2179 899 2251 latera
934 2183 1055 2274 plana,
1089 2194 1126 2253 ut
1156 2185 1192 2252 in
1218 2195 1311 2275 pra·

251 2287 388 2360 cedente.

319 2465 503 2552 Rarissrme
534 2467 593 2546 hic
619 2463 690 2566 ipse
722 2467 855 2543 vermis
882 2467 918 2544 in
947 2467 1153 2547 hominibus
1180 2471 1307 2548 obser·

250 2591 379 2661 vatur,
426 2568 681 2664 vulgatissimus
712 2583 832 2640 autem
866 2570 900 2642 in
932 2573 1101 2656 canibus,
1141 2573 1304 2667 longitu-

249 2676 333 2749 dine
363 2671 396 2742 dt
424 2667 540 2740 forma
574 2667 683 2758 priori
722 2665 864 2752 similia,
902 2668 946 2739 ab
978 2689 1024 2740 eo
1061 2683 1181 2743 tamen
1213 2685 1305 2761 prae·

248 2774 353 2864 cipue
399 2765 607 2850 dillinilos,
659 2764 755 2852 quod
800 2765 902 2854 hujus
947 2768 1119 2839 articulus
1149 2766 1307 2841 'otlsvoe

251 2873 311 2944 vel
342 2868 487 2940 decimae
518 2863 628 2956 partis
652 2862 694 2935 srt
725 2861 829 2952 ipsius
862 2863 1049 2936 vermiculi
1076 2864 1303 2954 latitudinis3

251 2987 378 3042 omnes
414 2977 535 3036 autern
568 2959 804 3054 precedentis
835 2959 970 3032 Taeniae
1003 2960 1166 3049 articuli,
1200 2983 1305 3054 aequo

250 3066 350 3160 longi
383 3063 497 3135 ferme
527 3073 632 3148 atque
669 3057 743 3127 lati.
809 3056 849 3129 ln
881 3059 946 3130 hac
977 3057 1092 3149 specie
1120 3060 1204 3132 nulli
1240 3081 1308 3135 an·

249 3164 379 3240 iratius
400 3155 666 3241 intestinorum,
687 3153 770 3226 dum
796 3155 923 3228 lumini
952 3156 1172 3248 opponitur,
1211 3179 1306 3232 con.-

249 3261 472 3354 spiciuntur‚
526 3252 584 3324 sed
635 3253 707 3324 duo
752 3267 894 3325 tanturn
935 3253 1084 3326 obscura
1128 3255 1307 3330 videntur

248 3358 404 3453 punita,
433 3352 492 3424 vel
520 3349 629 3422 etiam
654 3350 801 3422 nullum.
855 3349 895 3424 ln
911 3350 982 3422 hoc
1000 3367 1173 3443 praeterea
1189 3371 1306 3430 unum

249 3471 391 3530 tantum
426 3446 657 3522 observamus
685 3469 811 3538 porum
837 3445 893 3519 seu
917 3447 1098 3533 osculum,
1130 3451 1192 3523 nisa
1212 3474 1304 3525 ocu·

248 3555 274 3627 li
302 3550 411 3626 nostri
440 3547 470 3619 br
500 3545 584 3616 nudi
613 3545 793 3618 &armari
816 3546 925 3619 etiam
947 3569 1015 3618 nos
1034 3545 1170 3621 fallant.
1226 3549 1307 3622 tlu-

246 3656 304 3746 jus
337 3649 443 3720 etiam
475 3642 652 3739 margines
685 3644 795 3737 magis
831 3642 909 3716 subt
938 3645 1121 3734 nudulati,
1156 3647 1303 3721 articuli

251 3746 346 3820 enim
385 3744 532 3815 latiores
566 3739 645 3814 sunt
680 3763 700 3812 a
734 3742 929 3828 lateribus,
967 3761 1068 3832 quam
1099 3743 1324 3827 irs-medlo..

251 3843 492 3921 Observamua
523 3839 692 3932 undem,
731 3839 827 3913 circa
857 3839 1127 3918 extremitatem
1156 3843 1330 3922 tnrncasi

341 3973 348 3990 ·
1204 3955 1303 4032 tam,
