2602 4788
135 184 144 194 '⁴
174 175 231 275 '38
570 189 607 262 T
630 191 678 264 AE
705 189 742 264 N
770 189 786 264 1
812 189 858 265 Α.

174 370 407 458 'Colubrem,
444 369 545 461 cujus
575 391 687 444 unum
719 392 853 470 corpur
882 371 916 445 se
941 372 1117 447 movebat
1138 373 1269 466 juxta

186 466 529 544 determinationem
567 467 719 542 duorum
751 470 937 564 capitum,
974 467 1010 542 aa
1041 483 1165 545 tamen
1201 471 1267 546 su·

185 567 432 655 stentabatnt,
466 564 521 637 uti
551 565 705 658 Serpens
743 567 1030 660 monocephalue
1058 561 1107 657 c).
1157 567 1267 642 Cre·

186 665 298 758 dibile
336 660 408 748 est,
451 661 524 734 dari
557 661 757 737 Cerebrunr
791 665 936 758 aliquod
977 666 1268 761 longitudinale

188 763 448 836 &commune
481 761 644 835 omniurn
679 762 913 836 articulorum
943 762 1103 854 Taenre,
1144 765 1267 856 quod

184 857 502 956 longitudinaliter
535 881 696 932 vermem
726 877 903 951 occupat,
941 882 1047 935 more
1075 861 1266 936 medullae

111 988 121 1012 =
184 958 349 1052 spinalis3
376 957 410 1028 lit
441 955 538 1048 quod
571 957 643 1034 hoc
675 958 856 1050 separetur
888 957 931 1032 ad
960 958 1137 1054 genicula¹
1157 961 1264 1032 arti·

184 1058 372 1141 culorum,
424 1052 508 1131 dum
556 1053 723 1128 secedant
766 1057 907 1128 articuli
956 1055 1115 1148 Taeniae,
1158 1079 1263 1134 eum

185 1176 314 1228 omnes
345 1152 486 1227 articuli
522 1173 542 1224 a
570 1174 727 1244 corpore
758 1153 907 1246 separati
935 1158 1067 1228 vivant
1099 1155 1263 1230 &mo-

184 1265 353 1326 veantur.
407 1253 543 1345 Serpens
575 1252 694 1344 capite
726 1266 937 1341 truncatus,
970 1252 1117 1326 caudam
1150 1252 1263 1348 saepe

183 1363 313 1428 movet
351 1369 414 1440 per
454 1361 576 1422 totum
627 1348 733 1424 diem.
808 1351 939 1440 Teslnrln
982 1345 1109 1444 Mydas'
1147 1351 1264 1444 saepe

183 1472 250 1543 per
283 1462 388 1522 totos
426 1443 510 1518 otio
552 1447 627 1518 dies
672 1447 933 1537 circumnatat,
976 1449 1094 1543 capite
1137 1461 1264 1526 trun·

106 1588 111 1597 s
183 1563 287 1635 cata,
332 1543 429 1636 quod
461 1543 703 1617 mediantibus
744 1545 867 1618 nervis
898 1546 1063 1619 medullae
1095 1545 1262 1640 spinatis

181 1643 312 1742 procul
347 1641 459 1714 dubio
497 1637 552 1716 lit.
613 1639 799 1714 Secuturis
838 1659 958 1718 autem
995 1643 1120 1718 seculis
1165 1645 1260 1720 hoc

172 1743 293 1836 'ipsum
333 1740 572 1834 indagandum
616 1741 901 1828 committimus,
942 1744 1092 1834 plurima
1130 1744 1262 1820 nobie

183 1842 299 1914 adlnc
335 1839 485 1909 obscura
528 1837 628 1909 forte
667 1839 702 1910 in
750 1841 867 1912 lucem
913 1840 1145 1932 protrabluris
1187 1836 1257 1931 d).

183 1938 419 2030 Concipimus
444 1935 584 2007 interea
601 1935 673 2025 J'am
692 1933 877 2022 Taeniam,
901 1950 943 2009 ut
959 1938 1135 2030 Polypum
1154 1961 1258 2031 pro-

180 2037 347 2115 liferum,
374 2023 437 2105 scu'
457 2045 497 2106 ut
519 2035 618 2139 plura
639 2032 824 2106 individua
842 2033 1048 2108 differentia
1069 2037 1104 2110 in
1125 2057 1260 2116 unum

182 2145 447 2218 concatenata,
473 2133 636 2222 quamvis
668 2145 909 2205 concatenata
940 2155 1014 2206 non
1056 2135 1147 2223 sint,
1183 2135 1259 2210 sea

181 2233 284 2310 simul
307 2233 412 2316 nata,
448 2227 689 2324 &proprium
717 2228 813 2303 suum
842 2231 1015 2305 habentia
1044 2253 1086 2306 oa
1116 2231 1153 2305 bt
1184 2248 1259 2308 tu·

180 2335 265 2406 bum
309 2323 573 2416 intestinalern,
618 2347 686 2399 nec
723 2349 799 2400 non
834 2329 993 2421 separata
1027 2327 1258 2422 &sejunbia

182 2449 318 2524 organa
340 2425 449 2511 vita,
488 2447 551 2518 per
582 2445 657 2516 quae
688 2423 878 2524 circulatio
907 2428 1110 2522 peragitur,
1136 2443 1180 2500 ut
1215 2433 1258 2504 bt

180 2529 240 2603 sua
268 2522 426 2598 distintia
447 2519 623 2610 sensoria,
651 2543 713 2613 per
738 2545 814 2613 quae
844 2538 968 2598 motus
994 2525 1257 2602 communica·

168 2623 264 2709 *tur;
303 2635 474 2715 praeterea
510 2632 631 2692 autem
673 2639 886 2696 communes
917 2622 992 2696 suas
1024 2621 1256 2714 poifidentia

182 2719 312 2804 fibras,
341 2738 405 2808 per
429 2737 514 2808 quas
541 2714 691 2790 sensatio
713 2719 1003 2792 communicatur
1032 2721 1129 2793 inter
1153 2725 1255 2794 arti-

181 2823 309 2904 culosa
343 2814 455 2888 vitam
490 2829 611 2888 autem
645 2815 680 2887 bi
718 2836 860 2890 vermes
897 2819 1033 2912 degunt
1065 2819 1257 2911 quodam·

179 2919 295 3000 modo
322 2914 587 3008 vegetabilem,
620 2914 751 3004 plantae
784 2913 892 2986 instar
922 2915 1082 3008 repentia
1108 2917 1256 2990 radici·

182 3019 251 3091 bus
278 3012 347 3088 sese
370 3010 664 3100 multiplicantis,
694 3011 727 3082 u
752 3033 795 3083 ex
822 3033 1041 3105 unoquoque
1064 3013 1254 3109 articulo,

182 3136 287 3188 more
311 3108 531 3206 graminum,
555 3108 664 3182 novis
689 3107 891 3182 stolonibus
909 3112 1255 3205 progerminantis,

182 3215 240 3306 qui
277 3209 436 3282 stolones
476 3207 564 3291 licet
599 3207 829 3296 cohereant,
867 3229 943 3282 non
975 3227 1098 3283 tamen
1125 3213 1255 3288 avulsa

1159 3329 1255 3400 per·

181 3451 708 3472 —n--flW-—u—

219 3541 250 3614 c)
279 3541 336 3599 llic
359 3542 434 3598 enim
463 3557 523 3598 non
544 3541 731 3610 intelligimur
756 3543 915 3614 serpentem
938 3543 974 3599 ab
991 3555 1116 3615 utraque
1140 3559 1254 3608 extre.

175 3631 277 3690 rnitate
296 3623 472 3692 capitatum,
491 3635 573 3679 more
594 3637 726 3680 veterum
747 3623 987 3694 Amrilxisbaenee,
1009 3621 1057 3680 sed
1073 3623 1252 3696 serpentem

173 3714 210 3774 ab
231 3707 322 3765 altera
342 3705 524 3761 extremitate
546 3703 664 3776 gemino
686 3705 783 3774 capite
803 3703 979 3766 instrutium.

162 3824 169 3837 ‘
212 3818 247 3893 a)
266 3815 343 3880 Plin.
365 3815 426 3878 aab.
448 3821 484 3879 11,
515 3807 585 3895 asa.
605 3815 677 3878 milri
697 3825 851 3882 contuenti
867 3823 898 3886 se
914 3820 1052 3896 perlitafit
1070 3837 1169 3884 acrum
1187 3843 1254 3892 ua·

167 3917 254 3976 tura,
278 3898 349 3962 nllrll
374 3901 546 3962 incredibile
568 3900 731 3965 existimare
753 3903 791 3964 de
807 3920 854 3973 ea.

654 4032 661 4066 1
