2704 4790
311 209 315 218 ’
396 217 690 310 Teura.
1023 239 1071 346 rr
1191 195 1197 216 ⁴

73 421 87 448 ’·
103 403 144 490 ln
166 407 315 486 'renibus
342 410 495 486 cultello
537 407 747 486 anatomico
784 404 972 502 lubjelbis,
1007 405 1067 502 qui

46 515 142 586 etiam
170 511 202 584 in
229 508 261 581 se
289 507 469 596 habuere,
505 529 605 598 eque
633 507 669 580 in
696 505 777 578 Ileo
808 521 915 597 atque
946 503 1066 595 Colo,

46 609 175 682 Terias
205 605 366 700 plurimas
398 624 543 700 easque,
565 603 617 676 iat
648 625 821 700 magnas,
857 601 1067 678 facillimum

49 721 119 779 erat
145 703 293 780 invenire
328 703 452 778 harum
494 703 657 780 omnium
684 701 825 796 capita,
860 721 936 796 quae
970 699 1067 774 enim

51 804 147 876 adhue
170 801 337 875 vivebant
363 799 397 874 &
421 800 624 892 reptabant.
678 799 780 878 Ante
809 813 929 874 autem
963 815 1069 889 quam

50 899 168 973 Lebori
219 911 324 990 caput
370 897 608 986 exhibemus,
662 893 842 974 necellum
891 893 969 984 est,
1021 891 1068 966 de

46 996 144 1090 capite
179 997 277 1090 liujus
327 993 471 1070 familie
512 1015 625 1094 panop
663 992 827 1088 prefari,
870 1014 917 1066 ne
959 1005 1068 1086 caput

42 1115 229 1264 gustamus·
256 1093 388 1184 aliter,
440 1113 545 1189 quam
592 1106 703 1198 prout
746 1090 973 1170 conveniens
1017 1086 1069 1168 est

64 1212 114 1266 ure
138 1207 240 1289 genti,

102 1401 341 1479 Cbmmunitsr
396 1417 505 1498 eaput
556 1393 762 1482 animalium
817 1403 951 1480 dicitur
988 1389 1066 1494 ld,

47 1502 126 1592 quod
148 1523 183 1574 or
208 1502 240 1576 u
268 1501 457 1586 cerebrum
489 1503 671 1580 continet.
735 1501 873 1589 erbs,
907 1503 1005 1578 oculi
1033 1499 1069 1576 br

50 1617 131 1671 eures
153 1597 172 1671 ir
196 1599 413 1688 adfuerint;¹
434 1621 481 1674 eo
510 1603 651 1677 melius.
691 1599 745 1683 ¹In
782 1600 972 1694 reptilibus
1008 1619 1068 1674 ru·

47 1707 123 1785 tem,
142 1695 171 1768 u
192 1697 280 1791 sepe
303 1699 339 1770 in
366 1697 466 1788 aliis,
490 1696 532 1770 lit
559 1697 730 1791 exceptio
754 1719 773 1770 a
799 1699 944 1792 regula,
972 1717 1066 1792 eug.

30 1795 146 1866 ,Canto
177 1795 271 1870 fuum
303 1815 347 1868 or
380 1795 566 1890 incapite
593 1818 669 1870 non
696 1797 831 1884 babet,
858 1817 985 1872 verum
1005 1794 1067 1869 sub

41 1891 320 1979 melioremne,
355 1892 409 1966 itti
451 1896 583 1970 Currus.
641 1893 744 1967 lnter
778 1913 922 1968 vermes
952 1892 1069 1968 adhue

40 1989 145 2080 majori
171 2001 248 2066 butu
273 1987 486 2064 difficultate
504 1991 540 2064 in
559 2005 668 2086 eaput
696 1991 938 2098 inquirimus,-
962 2011 1067 2086 quum

37 2087 153 2178 reliqua
191 2089 377 2177 membra,
419 2102 461 2166 ut
497 2110 544 2170 ne
587 2089 649 2168 vis
683 2087 843 2181 quidem'
869 2092 1069 2166 Cauchorum
1147 2121 1150 2132 ·

40 2183 141 2275 capita
179 2201 282 2260 certo
335 2185 577 2262 determinare
625 2207 820 2279 queamus,
869 2207 933 2259 ora
980 2186 1068 2260 licet

38 2300 139 2356 eamn
176 2284 418 2362 inveniamus.
484 2281 522 2356 Si
563 2283 858 2378 propinquiorem
895 2283 1068 2358 familiam

39 2375 153 2453 ‘lenis
174 2381 415 2488 adiverimtp,
452 2391 488 2456 e.'
510 2401 544 2478 g.
574 2383 788 2468 Lambricos,
816 2384 877 2456 vix
908 2382 1068 2458 anticam

40 2497 55 2546 a
88 2477 211 2568 postica
260 2477 480 2575 distinguere
525 2480 687 2554 valemus
730 2495 855 2574 parte,
900 2476 1068 2562 lumbrici
1149 2499 1158 2522 ·

41 2571 117 2646 enim
147 2575 178 2656 ἀ
206 2577 408 2656 antrorsum
444 2576 477 2650 b
509 2577 704 2661 retrorsum
745 2592 906 2676 reptant.
957 2577 1067 2652 Unde

43 2667 248 2778 quedibile
285 2673 359 2764 est,
396 2674 493 2748 latos
528 2675 671 2750 nostros
706 2695 878 2766 vermes,
916 2677 975 2750 vel
1010 2696 1068 2752 ca·
1114 2744 1125 2766 ,

43 2781 99 2857 prta
118 2793 184 2846 non
209 2773 368 2861 habere,
395 2773 455 2844 vel
483 2772 593 2847 etiam
624 2774 805 2846 neminem
836 2795 878 2846 ea
899 2773 1067 2848 invenire

46 2863 135 2956 polle,
162 2871 258 2944 cirea
285 2869 555 2944 extremitatem
586 2868 723 2943 seilicet
753 2872 963 2963 majorem,
981 2891 1067 2964 pro·

46 2969 79 3034 ut
100 2967 216 3060 reliqua
253 2966 498 3040 communiter
531 2967 674 3041 hebent·
695 2967 881 3058 animabar
925 2989 969 3042 or
1005 2987 1068 3044 ru·

45 3071 100 3132 ten
132 3063 237 3138 habet
272 3063 428 3152 Taenia,
458 3065 511 3166 ,⁶¹
555 3065 636 3138 tot'
663 3045 804 3157 qur'dern
841 3087 927 3156 ora,
974 3078 1068 3160 quot

43 3158 182 3238 articulos
215 3161 376 3250 vermis3
416 3161 566 3237 babebit
601 3163 697 3236 enim
738 3163 857 3257 quiris
893 3163 1066 3239 articulus

43 3271 73 3324 or
92 3261 288 3352 proprium,
317 3279 382 3354 per
413 3260 510 3352 quod
543 3279 563 3333 r
596 3282 753 3354 corpore
783 3261 923 3360 avulsus
957 3259 992 3335 se
1013 3259 1068 3336 su·

45 3346 201 3446 lentabit,
243 3357 409 3449 adeoque
438 3359 582 3454 integer
611 3357 746 3432 vermis
778 3371 839 3432 tot
869 3381 947 3452 ora,
975 3369 1067 3454 quot
1152 3401 1154 3405 ,
1227 3377 1235 3390 ⁸

43 3447 133 3544 Argus
151 3456 293 3529 oeulos.
343 3452 540 3529 Cerebrum
559 3456 656 3548 quod
674 3455 808 3531 attinet
830 3456 922 3549 eJ‘us,
941 3477 1067 3549 perum
1280 3455 1289 3471 “

40 3545 145 3639 refert,
187 3553 264 3627 five
306 3551 466 3626 ereverit
501 3552 699 3628 distinbltlm
745 3555 958 3642 cerebrum,
990 3556 1066 3629 slve

39 3645 78 3712 uti
98 3649 247 3740 medulla
272 3649 424 3744 spinalis.
475 3647 517 3724 In
548 3647 669 3724 infima
697 3665 808 3748 gente
838 3652 1065 3742 animalium,

40 3745 194 3820 vermibus
239 3747 398 3840 scilicet,
451 3747 562 3844 longe
603 3749 708 3822 aliter
725 3747 861 3924 'partes
900 3749 1067 3844 eorporis

40 3833 178 3934 disposuit
218 3844 385 3924 Summus
420 3843 593 4018 ArtiferF,
609 3845 695 4040 3ubi
746 3867 822 3960 epe
857 3849 981 3928 videre
1015 3843 1069 4018 eg

139 4048 161 4096 b
