2602 4788
238 233 285 342 96
582 223 916 362 ,TAENIAf

236 410 310 488 culi
338 405 462 488 senum
496 404 692 499 senumque
728 409 884 500 majores
915 403 1162 500 crassioreaque
1194 425 1266 503 evag

238 507 350 597 dunt3
379 525 491 597 usque
513 501 596 577 dum
623 499 878 579 in'traffiorem
900 503 1164 580 extremitatem
1183 515 1266 576 trun:

240 623 356 684 catam
391 604 528 676 desinat
555 599 705 690 Taenia3
737 606 780 676 ab
804 603 875 676 hoe
899 603 1000 697 apice
1021 599 1198 688 craffiore,
1218 601 1269 672 de:

239 707 347 804 ponit
379 701 513 774 vermis
550 703 731 774 continuo
770 700 965 788 articulos,
1005 701 1135 774 eodem
1172 700 1265 772 ruodo

240 828 312 900 quo
340 795 511 874 accrescit
539 800 581 870 ab
612 798 845 872 extremitate
872 798 1096 894 angustiore,
1119 795 1208 889 quod
1228 795 1243 868 f
1254 833 1266 854 ·

241 905 309 977 ciie
340 895 552 991 apparebit,
585 895 609 970 fi
634 896 769 970 vermis
800 895 836 968 in
863 918 953 986 aqua
977 895 1118 990 tepida,
1141 916 1198 989 per
1219 896 1266 964 aii·

241 998 338 1094 quod
365 1010 529 1088 tempus,
555 992 736 1080 seruetur3
771 995 817 1067 src
843 995 1024 1068 continuo
1053 991 1212 1068 accrescit
1232 997 1264 1061 ab

239 1119 310 1173 una
332 1089 568 1168 extremitate
597 1091 831 1165 &decrescit
859 1095 902 1166 ab
937 1095 1061 1175 altera.
1112 1090 1267 1180 Adeoque

240 1199 328 1288 saepe
374 1189 527 1263 &sere
571 1212 652 1264 cunr
698 1189 847 1264 hornine
893 1213 1040 1264 coaevus
1081 1181 1268 1281 permanet,

234 1298 370 1393 perenni
394 1291 478 1388 flore
518 1296 648 1376 atatim
689 1288 737 1362 src
781 1291 925 1362 unicum
958 1289 994 1363 in
1034 1289 1123 1362 orbe
1158 1297 1295 1368 notum,

240 1390 370 1468 animai
390 1385 440 1458 est
459 1383 609 1474 Taenia,
634 1387 730 1478 quod
745 1389 936 1480 fimaturam
963 1412 1028 1460 non
1051 1387 1157 1472 sentit.
1196 1379 1267 1454 Hae

240 1488 409 1568 facillima
442 1483 678 1557 meteororum
707 1483 908 1578 depositio,
939 1479 1203 1558 manifestissima
1228 1463 1269 1548 esi

239 1590 277 1682 in
315 1586 438 1658 charta
474 1582 641 1668 humida,
672 1581 729 1654 cui
768 1581 1024 1674 sradponatur
1052 1577 1206 1664 vermis,
1239 1573 1267 1647 in

239 1678 429 1782 numerosa
466 1679 574 1752 frusta
608 1677 736 1770 sponte
784 1678 933 1753 discedit
964 1679 1104 1773 semper
1135 1673 1176 1747 ad
1201 1669 1268 1745 arti·

240 1785 364 1868 culos3
393 1779 469 1852 haec
505 1777 647 1870 inquam
676 1777 787 1851 docet
812 1778 934 1852 falsum
964 1775 1056 1872 eise,
1085 1771 1178 1870 quod
1200 1768 1268 1843 saei·

240 1883 309 1957 lius
335 1876 561 1966 alibicunque
591 1876 821 1972 abrumpatur
849 1873 996 1966 Taenia,
1027 1894 1133 1971 quam
1164 1869 1204 1945 ad
1227 1887 1269 1942 ar·

238 1979 386 2054 ticuioa.
1262 1978 1266 1986 '

690 2127 724 2216 t.
772 2119 835 2198 xr.

312 2340 471 2440 Quaestio
514 2337 542 2424 fi
581 2335 809 2429 instituatur,
858 2337 1038 2414 undenam
1073 2336 1268 2436 proveniat,

239 2444 336 2537 quod
370 2461 513 2512 vermes
541 2438 631 2529 apud
654 2436 821 2511 homines
842 2437 946 2530 hujus
972 2437 1041 2509 aevi
1075 2437 1184 2536 magia
1214 2435 1270 2510 int

236 2545 471 2632 frequentes,
506 2556 547 2608 ac
578 2533 669 2626 apud
696 2533 851 2624 majores
882 2531 1025 2608 nostros
1058 2533 1185 2612 fuere?
1228 2533 1271 2605 Er

240 2634 559 2712 'observationibus
599 2644 727 2723 patet,
779 2631 937 2707 infantes
980 2634 1194 2708 debiliorurn
1229 2631 1271 2705 in·

238 2735 474 2820 testinorum,
499 2729 622 2820 sapius
647 2701 831 2802 vermibus
864 2729 1035 2816 cruciari,
1064 2733 1099 2805 dc
1123 2733 1270 2806 mutiens

236 2836 351 2905 vitam
375 2842 524 2924 agentes
546 2825 805 2912 sedentariam,
831 2849 896 2919 per
920 2824 1142 2922 consequens
1168 2841 1271 2902 tertu-

235 2952 312 3006 ram
347 2929 525 3002 habentes
558 2927 755 3012 laxioremt
791 2923 1004 2998 Saccharata
1032 2915 1185 3020 deniriue
1210 2923 1272 3016 qui·

237 3031 304 3104 bus
337 3025 449 3122 magis
483 3027 555 3098 hoc
596 3021 670 3115 ipso
700 3044 805 3114 quam
841 3023 1020 3116 prioribus
1062 3025 1272 3121 temporibus

236 3127 396 3213 utimur,
438 3121 538 3198 forte
577 3141 654 3194 non
689 3120 871 3194 minimam
899 3118 969 3194 esse
996 3121 1148 3198 caussam
1184 3123 1272 3213 hujus

237 3224 321 3299 maii
340 3221 538 3300 censemus,
559 3218 722 3312 quamvis
739 3219 832 3292 bene
853 3217 1079 3306 noverimus,
1097 3223 1166 3295 hos
1178 3217 1274 3309 ionge'

238 3345 258 3397 a
286 3317 393 3394 nobis
413 3317 564 3390 diverso·
580 3314 705 3408 sapore
726 3317 880 3411 gaudere
909 3317 942 3388 dt
966 3317 1131 3392 deleiiari
1152 3311 1274 3392 amaris·

237 3417 333 3493 rimis
363 3417 398 3486 dt
424 3413 575 3502 oieofis,
614 3413 666 3486 ita
697 3427 739 3485 ut
765 3411 892 3486 Taenia
925 3411 1014 3506 saepe
1040 3439 1088 3505 24
1110 3417 1214 3489 horas
1243 3413 1274 3485 in

238 3517 326 3588 oleo
360 3512 627 3602 amygdaiorum
665 3511 751 3582 viva
777 3508 909 3584 servari
935 3509 1051 3604 possit.
1101 3507 1275 3587 Laboriosi

238 3625 390 3692 contra,
432 3610 520 3702 gulae
558 3608 668 3680 etiam
705 3607 902 3682 &baccho
938 3608 1184 3706 indulgentes,
1204 3627 1274 3682 raro

238 3723 300 3784 aut
339 3727 517 3798 nunquam
551 3704 734 3778 vermibus
766 3709 995 3794 cruciantur,
1027 3708 1091 3783 nifi
1121 3699 1276 3784 intestina

238 3805 425 3883 debilitata
457 3805 537 3880 sint.
588 3799 691 3880 Idem
721 3802 831 3880 etiam
855 3804 1088 3882 observatum
1115 3803 1168 3882 est
1195 3797 1276 3896 apud

505 3923 507 3928 ·
812 3929 818 3938 ·
858 3925 865 3936 ·
940 3929 946 3938 ·
1209 3919 1275 3988 eos,
