2702 4792
271 321 316 393 μ
407 325 409 330 -
496 291 812 376 OECONOMIA
849 294 1092 374 nanuum.

270 489 469 568 frustraneo
509 491 635 565 labore
678 491 848 581 tendant,
896 493 1038 568 necelse
1081 492 1142 568 est.
1209 491 1303 566 Hane

269 613 361 664 nero
393 591 443 662 ob
468 589 640 675 caulsam,
675 592 783 663 talem
823 588 877 662 hit
912 589 1065 663 Creator
1094 589 1219 664 indidit
1251 613 1303 661 na·

269 702 410 773 turam,
452 703 493 760 ut
531 686 662 759 famem
702 686 834 760 diutius
866 685 1033 761 sustinere
1057 687 1206 779 poffint,
1231 707 1302 759 cum

269 783 317 860 sc.
357 784 509 862 mensam
550 782 695 858 ferculis
731 785 900 857 refertam
934 806 1009 859 non
1047 787 1182 876 semper
1213 784 1303 856 inve·

269 883 383 956 nient.
434 881 491 954 Sic
523 881 593 954 'Lar
630 901 692 972 per
724 883 844 974 plures
878 879 953 953 dies
984 882 1020 955 in
1043 883 1206 974 *spelunca
1235 882 1330 953 abe*

270 1000 337 1071 que
368 977 463 1050 fame
498 975 684 1052 delitescit.
752 971 867 1074 Lupus
901 977 984 1051 durn
1015 980 1121 1051 semel
1149 980 1238 1076 gulae
1262 977 1302 1049 sa·

269 1075 431 1158 tisfeeit,
475 1075 628 1165 plurium
671 1075 941 1169 septimanarum
977 1077 1153 1169 jejunium
1184 1079 1330 1168 absque*

269 1173 341 1246 ulla
371 1171 579 1246 difficultate
608 1171 766 1264 perferre
791 1170 920 1264 potest.
1329 1175 1330 1180 ’

341 1388 377 1461 Si
396 1385 636 1484 regrediamur
658 1385 699 1460 ad
719 1383 850 1476 linem,
879 1399 1029 1481 propter
1045 1407 1150 1482 quem
1168 1387 1303 1460 Summo

270 1484 463 1560 Conditori
495 1485 628 1577 placuit
652 1485 746 1558 hunc
779 1499 914 1557 natutae
946 1487 1109 1558 ordinem
1138 1488 1187 1558 ita
1212 1484 1303 1556 adot-

169 1591 171 1595 ’
267 1605 373 1666 nete,
422 1599 463 1656 ut
495 1582 652 1674 quedam
692 1581 855 1653 animalia
890 1583 982 1672 quast
1019 1583 1062 1653 ad
1094 1583 1302 1676 reliquorum

268 1679 483 1754 horrendam
516 1679 692 1751 lanienam
718 1695 838 1752 creata
876 1679 964 1766 lint,
999 1680 1146 1753 videtur
1164 1701 1226 1753 ‘eo
1248 1697 1301 1770 po·

269 1776 433 1852 tiffimum
469 1773 620 1848 tendisse
653 1776 839 1865 providam
864 1777 939 1865 ejus
969 1796 1113 1865 cutam,
1156 1794 1199 1852 ut
1236 1793 1330 1850 non¹

268 1887 409 1948 tantum
447 1872 541 1948 surm
577 1870 732 1945 habeant
763 1870 1078 1961 sustentationem,
1110 1874 1170 1946 sed
1202 1873 1330 1950 &ee

248 1967 343 2064 ,ipso
375 1970 417 2044 ad
445 1968 572 2063 justam
600 1969 698 2040 inter
722 1987 849 2041 omnes
878 1969 1009 2060 species
1035 1972 1330 2064 proportionem

266 2067 473 2142 servandam
509 2065 726 2152 inserviant,
764 2067 879 2157 sicque
906 2066 1124 2158 impediant,
1158 2091 1206 2143 ne
1235 2068 1304 2158 plus

263 2165 380 2259 justo,
413 2164 552 2239 nonnisi
586 2185 667 2236 cum
695 2162 881 2236 hominurn
913 2163 947 2234 dt
975 2165 1179 2239 animalium
1206 2161 1330 2238 detti*

266 2279 393 2337 mento
430 2278 536 2353 atque
577 2259 758 2352 pernicie,
799 2260 1010 2333 accrescant.
1061 2261 1159 2336 Nam
1195 2263 1218 2337 st
1249 2281 1303 2332 ve·

265 2382 367 2447 turn,
402 2360 442 2430 ul
470 2358 522 2430 est
547 2356 783 2445 verillmrum,
813 2356 850 2430 in
875 2355 1058 2450 superficie
1083 2372 1213 2449 terrae,
1237 2377 1304 2432 non

266 2457 327 2543 nisi
358 2473 495 2529 certum
536 2455 912 2548 &proportionatum
949 2455 1153 2530 animalium
1188 2477 1304 2530 nume·

262 2575 342 2626 rum
387 2557 517 2626 habere
555 2550 599 2623 de
637 2573 708 2644 quo
745 2552 857 2624 vitam
899 2551 1093 2640 sustentet,
1130 2551 1304 2628 necellum

264 2650 316 2722 est
350 2666 390 2723 ut
433 2650 528 2722 fame
561 2648 695 2742 fingula
733 2649 920 2742 perirent,
955 2651 979 2724 li
1009 2649 1103 2726 idem
1138 2669 1304 2728 numerus

264 2738 873 2840 mwwwfflmw&

337 2961 461 3056 Musae
483 2958 642 3052 quedam
676 2955 756 3032 sunt
781 2957 972 3051 viviparae,
998 2980 1075 3051 que
1098 2982 1176 3038 uno
1207 2973 1305 3058 partu

264 3079 358 3132 2000
395 3059 490 3132 fetus
520 3055 728 3140 enituntur,
765 3056 818 3128 he
853 3057 985 3150 exiguo
1021 3072 1192 3149 ternpore
1229 3067 1305 3133 aera

262 3157 474 3247 implerent,
523 3152 558 3222 u
593 3152 740 3224 nubium
773 3150 880 3226 instar
916 3151 1000 3227 solia
1037 3153 1158 3229 radios
1203 3155 1305 3233 nobis

260 3251 544 3342 interciperent,
579 3249 641 3322 nili
672 3250 893 3344 abatibus,
923 3251 1083 3344 araneis,
1109 3257 1306 3348 multisque

259 3348 336 3422 aliis
360 3348 640 3422 comederentur
662 3341 727 3434 m).

293 3846 327 3931 l)
348 3849 441 3915 Derh.
465 3849 519 3915 Ph.
548 3847 600 3912 rh.
622 3865 650 3924 p.
672 3870 709 3916 rr.
730 3871 800 3943 ⁰³7·

293 3964 336 4041 nr)
360 3966 552 4045 Mestdeabr.
573 3990 618 4034 or.
641 3971 693 4034 cit.
