2702 4792
246 231 301 306 42
480 201 800 300 OECONOMIA
839 209 1088 294 NATURAE.

248 410 361 472 tavos
390 389 540 482 tritu'm,
578 395 639 470 ubi
674 396 719 468 sc.
747 407 767 478 8
794 417 914 468 vacca
947 395 1072 488 pascua
1105 394 1301 476 habuerunt

250 497 286 578 ἁ
322 513 398 566 non
434 495 583 584 amplius
618 492 803 567 sustentati
848 493 1016 585 possunt,
1056 495 1106 566 ibi
1149 493 1301 584 2Equi,

249 590 348 686 quod
375 591 438 668 fibi
468 591 617 678 sufficit,
653 613 717 683 pet
745 591 884 682 aliquot
918 592 994 665 dies
1028 593 1240 677 inveniunt,
1267 587 1299 660 dt

247 689 433 784 postquam
462 690 570 781 Equis
598 689 686 761 nihii
715 689 891 782 superest,
925 691 1041 768 adhuc
1072 711 1211 781 qoves
1242 686 1300 766 baa

205 879 211 892 ·
247 791 339 864 beot
365 789 410 860 de
439 811 511 883 quo
539 785 724 861 sustentari
746 785 889 881 poffint.

324 988 406 1060 Sues
443 998 548 1058 terrae
583 983 758 1079 gremium
793 982 993 1075 fodiendo,
1037 982 1171 1058 vidum
1206 997 1298 1060 coms

246 1099 374 1180 parant
408 1081 441 1154 ἀ
476 1082 615 1155 radices
652 1082 899 1175 succulentos,
925 1097 1059 1178 utpote
1089 1084 1210 1156 cibum
1233 1073 1296 1148 illia

249 1181 488 1273 destinatum,
512 1194 689 1274 quarunt.

324 1375 548 1470 Quibusdam
584 1378 753 1452 arborum
778 1375 868 1449 foiia
888 1355 934 1448 ¹dt
957 1375 1090 1451 fruttus
1121 1375 1156 1450 in
1190 1371 1296 1445 escam

248 1476 462 1566 constituti,
493 1489 535 1550 ut
557 1477 731 1570 Bradypo,
767 1479 903 1562 Sciam,
935 1497 1028 1568 quos
1055 1489 1096 1547 ut
1124 1473 1229 1548 facile
1249 1482 1297 1542 at·

248 1576 418 1672 tingant,
442 1575 594 1668 pedibus
620 1572 777 1651 instrum
806 1572 886 1652 sunt
913 1571 1179 1650 scandentibus.

322 1767 443 1861 Aquas
489 1769 677 1860 incolunt,
727 1782 858 1857 pretet
906 1768 1053 1862 piscium
1100 1763 1296 1864 myriades,

250 1869 420 1962 Castores,
463 1870 578 1944 Pbocct
611 1869 646 1940 ἃ
675 1870 812 1953 Latro,
853 1880 894 1941 ut
931 1867 989 1939 ibi·
1017 1867 1114 1942 suam
1149 1867 1297 1948 habeant

246 1967 569 2054 sustentationem
605 1967 663 2058 qui
695 1970 804 2058 etiam
847 1967 931 2038 ideo
969 1966 1121 2058 pedibus
1159 1959 1298 2060 posticis

248 2064 368 2142 dotati
421 2064 501 2140 sunt
544 2067 761 2158 natatoriis,
808 2086 935 2139 eorum
983 2062 1136 2140 vivendi
1180 2053 1295 2161 generi

247 2163 405 2241 maxime
431 2164 731 2242 accommodatis.

317 2357 503 2456 Ansertnus
532 2372 636 2433 totus
673 2359 789 2450 ordo,
819 2373 862 2434 ut
893 2356 1053 2446 Anates,
1085 2351 1206 2447 Mergi
1233 2346 1293 2454 &o

245 2459 286 2534 in
318 2459 416 2550 aquis
454 2459 562 2550 etjam
587 2459 701 2532 vitam
738 2460 959 2552 transigunt,
993 2469 1126 2546 utpote
1160 2443 1294 2556 insesbs

246 2558 484 2649 aquatilibus,
510 2554 662 2648 piscibus
688 2578 885 2646 eorumque
910 2552 994 2627 ouis
1004 2549 1049 2644 f)
1079 2551 1294 2626 victitantes.

246 2655 340 2751 Quis
374 2676 467 2728 vero
500 2676 575 2729 non
608 2653 730 2741 vidit,
767 2653 930 2726 simodo
958 2671 1083 2740 parum
1110 2642 1294 2726 attendat,

245 2771 351 2847 quam
384 2750 505 2826 exacte
536 2750 752 2826 admirabilis
787 2753 847 2824 illa
880 2749 1007 2840 rostri,
1037 2749 1148 2836 cosli,
1174 2741 1297 2840 pedum

247 2853 511 2943 &plumarum
543 2849 679 2924 fabrica
718 2873 846 2924 eorum
879 2851 966 2922 vitae
1004 2847 1128 2944 generi
1161 2843 1295 2934 respon·

247 2951 354 3040 dett,
382 2949 419 3022 id
444 2947 540 3040 quod
573 2950 682 3040 etjam
718 2948 762 3020 de
790 2949 961 3024 omnibus
994 2944 1141 3038 reliquis
1177 2938 1298 3016 avibus

245 3049 442 3126 observatu
461 3045 617 3120 maxime
643 3047 789 3143 dignum
814 3045 876 3120 est.

1091 3195 1110 3224 0
1181 3161 1299 3233 Stemae

275 3376 319 3460 f)
345 3378 459 3440 Fallunt
481 3375 541 3458 est,
570 3385 603 3438 ut
636 3373 778 3439 interdum
805 3386 867 3438 tum
900 3379 929 3440 in
958 3377 1029 3440 aitis
1057 3377 1218 3452 montibus,
1242 3383 1298 3436 tm

242 3459 358 3527 lacunis
383 3458 416 3518 Θ·
442 3457 522 3539 foffis
543 3461 633 3520 varia
653 3458 770 3539 piscium
794 3478 903 3538 genera
928 3461 1137 3530 inveniantur,
1172 3457 1207 3520 de
1232 3474 1297 3537 quo·

242 3561 307 3610 rum
337 3542 381 3600 ott
402 3541 447 3599 ine
470 3541 551 3600 varii
574 3541 603 3600 in
633 3541 737 3600 varias
762 3537 896 3601 abierunt
916 3540 1079 3616 sententias
1105 3538 1139 3600 8
1161 3536 1297 3617 conjetit·

241 3641 317 3693 ras,·
334 3557 399 3694 sets
412 3615 579 3690 observavit
608 3617 649 3680 ct.
671 3621 840 3690 Gmeiinus‚
865 3617 939 3700 quod
964 3637 1025 3680 cum
1049 3623 1160 3680 Anates
1179 3616 1297 3702 piscinas

241 3721 303 3768 ova
327 3698 512 3780 deglutiant,
540 3698 664 3782 quedam
695 3720 790 3760 eorum
816 3701 932 3778 integra
955 3701 1064 3760 intrent
1090 3699 1125 3759 st
1145 3719 1207 3760 cum
1230 3693 1297 3758 aluo

242 3790 406 3850 exonerata
438 3783 468 3844 in
499 3781 636 3858 ejusmodi
670 3777 793 3842 lacunas
822 3779 1030 3856 demittantur,
1062 3781 1111 3842 abi
1128 3798 1166 3864 po
1192 3799 1227 3841 ea
1249 3793 1297 3836 at·

241 3861 373 3938 cretius
420 3861 483 3936 'sees
501 3857 693 3942 parimodo,
722 3869 754 3922 ut
774 3871 864 3921 antea
886 3879 948 3921 cam
966 3859 1119 3936 seminibus
1129 3878 1150 3947 p
1164 3870 1298 3932 antam

233 3942 354 4028 jarib
404 3945 447 4006 ΙΙ.
468 3940 602 4006 vidimus.
647 3940 741 4012 Gnaei.
761 3941 807 4012 n.
828 3939 890 4003 Sib.
903 3957 937 4027 p.
949 3962 998 4026 25.
