2702 4792
249 287 299 370 84
628 267 916 352 TAENIA.

249 453 357 530 nobis
390 450 556 546 depinxit
591 449 635 523 ad
672 452 839 544 corporis
868 455 1136 530 extremitatem
1166 455 1333 530 eramo·

249 573 325 626 rem
353 549 566 638 rostratum,
606 548 748 623 duobus
778 551 931 624 maxillis
956 553 1188 644 instruitum,
1217 557 1334 628 nari·

183 659 187 679 '
247 651 315 726 bus
342 647 512 721 &oculis
538 663 730 736 ornatum,
758 649 922 742 quamvis
946 653 1062 725 oculis
1084 652 1118 726 in
1146 653 1332 725 tenebri-

248 747 331 822 cose
355 745 508 842 caligine
534 745 596 818 vix
622 767 714 840 opus
741 746 895 839 hebeat,
922 763 963 821 ut
984 749 1084 844 plura
1103 768 1277 824 taceam.

321 959 561 1040 TYSONUS
602 977 698 1059 caput
728 969 763 1036 irr
791 970 879 1059 apice
909 970 1124 1040 extremitatis
1147 973 1332 1042 tenuioris

248 1063 434 1148 tonliituit,
468 1063 524 1134 uiri
560 1077 712 1132 trunceto
751 1066 854 1134 raudo
887 1067 1113 1138 terminabitur
1145 1069 1235 1160 pilis
1274 1091 1332 1140 re·

249 1164 362 1235 curuis
393 1163 557 1233 uncinatis
590 1160 708 1254 duplici
733 1161 819 1253 serie
838 1160 971 1256 postris,
1006 1185 1140 1255 quorum
1164 1172 1334 1240 exterior

247 1259 377 1332 breuior
408 1262 492 1341 erit‚·
525 1261 573 1328 iris
609 1261 772 1329 uncinulis
797 1259 859 1354 seu
884 1263 961 1353 pilis
985 1258 1118 1354 bomofir
1145 1261 1333 1335 adhaere·

247 1355 304 1432 bit
329 1353 524 1445 intestinis,
552 1355 732 1427 &cavebit
753 1379 793 1426 ne
807 1355 1080 1450 adstringentibus
1094 1359 1162 1454 sese
1181 1363 1333 1454 intesti-

248 1460 302 1529 nis
336 1458 413 1527 rmut
436 1475 506 1526 tum
526 1451 663 1543 fecibus
688 1459 835 1526 eiitiotur
859 1461 992 1528 vermis.
1051 1453 1093 1528 In
1131 1459 1333 1532 extremi·

246 1565 325 1630 tate
356 1549 514 1624 tenuiori
541 1549 721 1622 continuo
755 1551 964 1638 accrescunt
987 1551 1153 1638 articuli,
1195 1555 1333 1630 adeo·

247 1671 317 1742 que
341 1648 428 1721 felix
453 1645 668 1740 judicandus
693 1646 794 1720 foret
819 1649 973 1735 vermis,
1006 1651 1030 1724 fi
1054 1651 1228 1741 quotidie
1254 1653 1331 1748 ipfi

246 1767 345 1822 nova
375 1746 515 1839 capita,
541 1765 639 1818 nova
668 1747 816 1818 cerebra
845 1762 1074 1841 generentur.
1127 1747 1215 1822 Nos
1259 1773 1331 1826 au·

246 1859 321 1918 tem
347 1863 422 1917 non
448 1842 531 1916 satis
559 1841 677 1914 mirari
696 1843 902 1934 possumus,
926 1843 1010 1936 quid
1025 1843 1195 1938 Tysonus
1222 1869 1330 1924 cum

241 1941 351 2036 'spinis
378 1937 452 2014 istis
474 1938 622 2012 aduncis
649 1940 691 2011 ad
719 1942 990 2016 extremitatem
1016 1945 1194 2016 minorem
1222 1944 1332 2022 Τω-

245 2041 314 2116 niae
353 2039 445 2111 velit
484 2035 728 2124 intelletium3
770 2039 966 2113 ecanibus
999 2042 1094 2114 enim
1122 2037 1234 2132 supra
1275 2067 1329 2118 20

244 2136 390 2211 Taenias
414 2135 519 2208 vivas
544 2135 719 2208 extractas
747 2137 926 2226 vidimus,
961 2135 1140 2232 &piures
1164 2141 1211 2212 ab
1244 2143 1330 2217 ho-

243 2234 400 2312 minibus
435 2247 603 2309 mortuos
656 2233 821 2326 expulsos
857 2253 1001 2309 vermer
1050 2235 1329 2330 microseopiis

243 2356 320 2409 non
351 2330 555 2426 spernendis
593 2330 838 2424 adspeximus,
876 2325 933 2406 sed
970 2355 1148 2428 nunquam
1183 2334 1329 2426 spinas

242 2433 305 2508 has
333 2430 524 2504 observare
551 2428 759 2520 potuimus,
793 2429 949 2524 ideoque
978 2433 1011 2505 dr
1041 2433 1104 2508 nas
1129 2431 1163 2504 tr
1190 2453 1328 2526 caput

241 2528 377 2602 vermis
410 2527 483 2600 srne
507 2525 683 2612 cerebro,
710 2527 763 2599 uti
790 2527 1045 2617 frustraneum,
1078 2529 1208 2604 eforo
1232 2555 1329 2609 me·

242 2626 325 2699 dico
355 2626 576 2718 relegamus,
603 2626 766 2714 quamvis
786 2626 885 2698 simul
904 2625 1055 2700 atterere
1077 2628 1327 2724 debeamus,

241 2722 513 2817 Tyfonumlin
549 2719 696 2813 reliquis
732 2721 1050 2802 observationibus
1088 2725 1157 2802 suis
1195 2726 1332 2808 fuiffe

240 2817 545 2897 accuratiffimum.

307 3036 491 3112 ANDRY
521 3057 659 3114 novum
687 3036 827 3113 detexit
852 3057 967 3136 caput,
999 3043 1043 3116 od
1063 3053 1333 3128 extremitatem

238 3139 451 3230 angustiorem
484 3143 627 3220 vomis,
671 3145 758 3232 epioe
787 3141 922 3212 dilatato
957 3139 1000 3226 ἐξ
1030 3162 1166 3236 quotuor
1194 3155 1329 3226 oculis

237 3239 407 3324 retrorsa,
438 3240 586 3329 quemvis
621 3239 677 3307 bor
708 3240 813 3308 oculos
845 3235 1011 3326 MERY,
1045 3241 1103 3327 qui
1136 3261 1217 3314 nun
1255 3247 1333 3323 vi.

237 3355 321 3406 vum
356 3331 414 3404 sed
443 3343 628 3403 mortuum
663 3331 803 3404 viderat
841 3353 1026 3421 vermem,
1063 3355 1123 3430 pro
1154 3349 1333 3422 notibus

236 3433 401 3510 batonim
435 3447 548 3522 corpus
582 3436 679 3522 copiti
705 3439 886 3523 proximum
918 3434 962 3518 ἃ
992 3436 1154 3508 odboerens
1195 3449 1333 3522 ualde

234 3531 443 3611 mouebatur,
473 3539 513 3598 ut
538 3524 690 3597 testetur
717 3529 862 3614 tutior,
890 3530 948 3619 qui
981 3549 1104 3604 motus
1133 3531 1168 3604 ἀ
1197 3547 1334 3630 capi..

234 3624 282 3695 tis
316 3623 485 3696 strudura
519 3622 610 3716 apud
645 3646 712 3696 nos
758 3647 832 3697 non
870 3627 992 3715 valet,
1036 3650 1142 3721 quum
1180 3635 1334 3720 etiam

233 3721 345 3792 vivos
371 3719 570 3793 viderimus
603 3741 745 3796 vermes
782 3722 815 3794 dt
845 3721 1033 3818 integros,
1068 3729 1243 3824 adeoque
1281 3741 1335 3816 ὰ

232 3821 307 3914 ejus
333 3833 441 3920 eaput
469 3817 566 3896 inter
588 3840 666 3896 non
695 3819 795 3896 entia
824 3821 1036 3918 relegamus.

1264 3971 1333 4064 Im
