2704 4790
398 176 733 320 'TAENIAs
1053 261 1105 338 ῃ

62 445 124 521 que
153 419 217 498 eise
239 442 393 519 corpure
426 423 523 518 quod
554 437 677 496 autem
708 431 855 496 veteres
884 418 990 495 aliter
1020 441 1097 500 non

60 521 287 598 intellexerint
321 523 415 596 hunc
444 541 627 606 vermem,
669 540 773 612 quam
800 509 897 614 quod
927 518 1096 596 distinilie

62 617 225 694 constaret
264 621 508 707 animalculis,
551 617 719 710 quoniam
755 619 911 714 singulus
947 617 1097 711 quisque

68 719 215 790 articulus
248 719 358 790 vivus
399 740 463 812 per
498 717 532 790 se
569 733 670 802 erat,
708 715 904 812 progressui
934 715 1096 789 scientia·

68 835 132 888 rum
171 813 433 890 adscribendum
480 813 553 901 est;
592 833 665 885 non
708 815 805 898 euim
838 815 879 886 iis
915 831 955 884 ea
990 813 1097 886 inno·

66 923 154 1082 Ἕκ
182 913 345 1006 mysteria
372 913 417 990 de
441 912 609 1009 polypis,
641 931 718 1004 quae
753 913 860 988 nobis
889 909 1095 988 hodienu-
1138 921 1141 942 '

61 1007 87 1080 ti
120 1031 170 1084 ma
196 1011 286 1086 suut.
1154 1031 1162 1042 ·

120 1201 206 1278 Hele
253 1209 371 1300 probe
415 1203 677 1280 observandum
712 1201 801 1296 est,
843 1205 964 1298 quod,
1008 1207 1095 1286 dum

59 1318 184 1375 vermes
224 1305 442 1380 cucurbitini
486 1319 617 1378 exeant
649 1323 829 1394 unacum
862 1302 933 1376 alvi
972 1325 1094 1380 excre-

59 1399 195 1492 mentis,
239 1403 354 1476 adsrnt
387 1403 424 1476 in
465 1404 556 1476 tubo
588 1401 780 1476 intestinali
811 1403 951 1476 'vermis
987 1405 1093 1498 hujus

64 1493 169 1585 spetiei
201 1499 359 1592 Taeniae,
392 1501 450 1594 qui
484 1499 546 1572 soli
586 1515 760 1594 generant
788 1519 931 1572 vermes
968 1521 1094 1576 cueur-

64 1589 201 1688 br‘tinos,
242 1601 276 1670 ἃ
309 1598 405 1690 quod
446 1597 635 1687 sequentes
671 1594 803 1691 species
832 1593 969 1671 Taenite
1002 1597 1094 1676 n‘un·

60 1710 149 1776 quam
182 1697 401 1792 progignere
438 1693 569 1788 pollint
607 1716 769 1770 vermem
809 1696 1089 1774 cucurbitinum.

58 1781 331 1867 truncatam
359 1795 536 1886 sequitur,
564 1813 707 1866 vermes
736 1792 984 1866 cucurbitinos
1013 1818 1092 1873 non

58 1882 118 1958 elie
142 1911 210 1964 ova
232 1892 338 1984 hujus
363 1889 514 1984 speciei,
541 1911 670 1964 verum
692 1890 890 1964 veriffimos
917 1891 1092 1968 articulos

58 1989 223 2078 amajori
259 2011 411 2080 verme,
456 1989 499 2062 ad
541 1989 809 2062 extremitatem
843 1989 919 2080 eius
953 1989 1092 2064 trallio-

56 2098 141 2171 rem,
164 2086 255 2160 intra
271 2089 431 2162 hominis
450 2085 638 2174 intestina,
665 2086 859 2179 separatos.
915 2085 955 2162 ln
974 2087 1092 2164 homi·

56 2175 147 2254 nibus
183 2183 306 2278 sepius
347 2187 405 2258 lric
455 2184 527 2276 ipse
569 2185 701 2260 vermis
744 2184 916 2287 rnanlme¹
938 2186 1089 2278 planus,

57 2279 250 2356 macilentus
290 2284 323 2355 ur
357 2283 433 2356 fere
464 2283 757 2356 membranaceus
791 2283 958 2375 ejicitur,
983 2281 1092 2358 instar

56 2373 167 2468 virts,
202 2381 299 2474 quod
336 2403 382 2454 ex
420 2401 467 2455 eo
502 2379 602 2452 forte
643 2377 714 2480 eli,
754 2379 850 2472 quod
883 2381 988 2467 raro,
1024 2381 1090 2456 nisr

57 2490 203 2552 mortuus
236 2501 282 2552 ex
317 2479 464 2554 homine
493 2476 672 2570 ‘expulsus
702 2477 933 2563 obtimatum
975 2477 1009 2551 δι
1040 2479 1093 2564 sre,

57 2585 200 2648 mortuus
235 2575 361 2668 spiritu
396 2577 471 2650 vini
507 2575 773 2662 committitur,
800 2587 841 2647 ut
871 2573 977 2648 fibras
1013 2574 1091 2651 suas

59 2666 95 2736 ab
117 2668 314 2748 irritatione
341 2673 483 2766 spiritus
519 2673 736 2746 contrahere
761 2686 939 2763 nequeat,
963 2695 1091 2768 quem·
1206 2751 1209 2758 ,

61 2761 226 2844 admodum
261 2770 305 2846 fit
335 2773 372 2844 in
401 2771 492 2844 vivo
527 2788 657 2843 verme·
689 2769 824 2864 spiritui
864 2769 995 2846 indito.
1047 2770 1093 2848 ln

65 2855 116 2931 hac
134 2865 233 2941 faties
259 2869 311 2941 sat
336 2867 539 2942 affimilatur
561 2866 725 2942 secundae
746 2865 888 2960 speciei,
908 2867 1107 2964 distingui.-

65 2965 111 3027 tur
139 2979 253 3041 autem
297 2967 488 3055 facillime,
541 2987 605 3059 per
653 2965 828 3042 articulos
879 2965 1105 3064 longiores,

60 3069 112 3142 Per
137 3058 330 3154 uperrores
376 3064 554 3158 margines
590 3059 834 3151 latioress&
869 3083 934 3154 per
970 3064 1092 3150 oscula
1151 3083 1155 3091 ·

62 3150 96 3222 ad
130 3163 289 3256 angulum
328 3163 536 3247 lateralem,
584 3181 662 3238 non
696 3181 788 3235 vero
831 3160 947 3234 latere
981 3162 1092 3256 plano

62 3247 169 3348 obvia,
197 3260 250 3333 uti
277 3259 584 3353 insequentibus.

265 3419 400 3497 ‘ee
530 3451 589 3492 aa
716 3447 779 3494 ee

359 3503 380 3544 s
549 3501 569 3542 e
704 3500 758 3544 e

59 3622 275 3723 lllAENIA
285 3655 434 3744 uulgaris
445 3625 792 3724 osculis'lateralilrus
805 3625 1089 3745 geminis.'Frg.a.

96 3791 430 3884 Femineum.
483 3797 612 3934 Taenlr
638 3799 831 3886 articulata
853 3804 970 3900 plana.
1059 3776 1076 3882 ,Ῑ

933 3937 1085 4024 silence.
