2560 4778
259 248 333 344 '416
391 259 395 270 ’
472 247 564 328 'DE'
586 244 1094 345 PEREGRINATIONUM
1170 251 1176 260 '

261 451 306 504 ac
330 426 544 504 virescentia
574 427 703 521 Tempe,
734 425 1229 503 fivecernrnmanamunm:

262 529 377 604 mina:
403 528 477 600 save
498 525 710 618 confragosa
729 525 763 598 δι
780 529 932 618 abrupta
945 526 1086 618 rupium
1104 526 1223 616 Partim

260 628 338 700 ssve
368 625 557 696 aestuantes
585 626 827 696 carcerariorum
848 625 1064 717 noraginer:
1097 623 1227 696 iiveirra·
1257 607 1258 634 ¹

256 737 340 796 tem
360 725 503 815 integro
522 720 697 812 temporis
712 719 825 810 spatio
839 722 1010 805 Phoebum,
1035 718 1234 794 &exorientm

262 821 348 894 inde
368 817 588 893 cimmeriam
607 818 796 912 caliginem
817 818 855 902 in
873 821 964 890 orbe
983 815 1121 902 nostro,
1141 813 1238 890 muru

257 939 343 1008 res,
377 917 450 1018 sive
475 917 673 988 inocciduam
699 917 770 987 alio
796 916 878 988 anni
905 915 1072 1007 tempore
1097 915 1166 988 sciit
1181 915 1240 1002 juta

256 1013 415 1104 spectare
441 1014 554 1097 velim
580 1033 731 1102 quorum
758 1013 817 1084 vel
838 1013 876 1084 ia
892 1012 1033 1086 Batavo
1053 1015 1152 1099 orbe,
1173 1009 1239 1080 reti

264 1113 403 1198 Gallia,
431 1112 489 1180 vel
518 1110 555 1184 in
579 1110 781 1196 Britannia,
810 1112 870 1182 vel
895 1110 932 1182 in
950 1109 1151 1196 Germania,
1172 1105 1240 1177 relir

261 1211 334 1284 atro
352 1209 503 1299 denique
526 1206 705 1295 Europaeo
727 1207 862 1293 tractu,
892 1208 936 1280 ad
952 1229 1055 1299 quern
1077 1207 1165 1279 avida
1181 1201 1242 1276 nori

261 1310 349 1380 tatis
363 1310 537 1399 juventus
556 1305 675 1378 nostra
702 1305 886 1378 turmatim
909 1327 1093 1397 erumpere
1108 1305 1207 1390 soleat,
1222 1299 1258 1388 ir¹

260 1406 325 1480 suo
344 1402 475 1496 genere
501 1423 582 1493 par,
608 1401 789 1493 simileque
810 1401 936 1476 frustra
953 1417 1131 1494 queratur.

331 1513 400 1582 Sed
427 1508 590 1582 dehisce
618 1507 759 1594 dicendi
784 1512 887 1586 iocus
911 1513 1080 1604 jamnon
1107 1524 1178 1583 erat.
1209 1501 1242 1576 ii

256 1633 304 1685 ea
323 1631 399 1700 quae
426 1609 615 1699 proposito
642 1628 727 1680 meo
747 1607 825 1681 sunt
849 1611 1020 1702 propiora
1038 1601 1241 1702 &proprirde

261 1708 418 1795 scendo,
444 1707 615 1796 exemplis
640 1705 862 1795 ostensurus,
879 1708 992 1800 ..quod
1020 1707 1154 1802 Pbifi‘i·
1176 1702 1239 1776 itu

259 1811 397 1898 talogi,
415 1807 585 1887 Borunici,
616 1804 767 1895 Zooiogr',
794 1805 982 1890 Dictatici,
1015 1808 1179 1896 Potbriogi,
1193 1797 1234 1870 aa

262 1909 326 1978 dici
358 1906 511 1995 practici,
551 1904 739 1987 Oeconomi,
777 1905 890 1973 ceteri
922 1905 1045 1978 harum
1079 1901 1226 1976 screnum

257 2001 404 2092 mystae,
429 1999 465 2072 in
487 1999 676 2070 itineribus
694 2019 758 2090 per
775 1998 911 2072 nostras
931 2015 1068 2090 terrea,
1093 2021 1131 2072 ea
1145 1993 1231 2070 sorro-

259 2098 430 2185 venturi,
466 2117 508 2168 ea
532 2094 728 2184 detestari,
764 2097 808 2168 de
841 2101 968 2189 quibus
997 2121 1044 2172 ne
1070 2097 1235 2191 quidenna

258 2198 436 2272 somnium
466 2211 572 2264 antea
603 2193 685 2304 ipsas
711 2196 911 2287 cogitatum
943 2194 1046 2268 fuiss'e
1073 2197 1233 2268 fateburrm

256 2313 464 2476 itata?
473 2292 1242 2478 titiiinitiat{tattiano

258 2491 410 2562 ditarem
432 2487 574 2579 pascant
592 2486 625 2557 iic
642 2485 838 2574 exsatient,
861 2488 919 2559 sed
940 2490 1123 2582 cupatrio,
1142 2481 1241 2571 ibique

259 2588 294 2666 oe
317 2585 416 2658 hono
437 2583 583 2676 publico
599 2582 756 2670 feliciter
772 2586 946 2658 inservire
964 2591 1102 2677 quaant.

258 2715 260 2720 ·
341 2683 481 2764 Habet,
516 2695 558 2754 nt
584 2682 705 2770 paucis
730 2682 763 2753 δι
788 2704 851 2774 per
876 2687 1040 2776 exempla
1066 2702 1167 2780 agam,
1191 2667 1241 2745 RE·

261 2783 395 2858 RUM
416 2778 495 2852 NA
505 2778 713 2851 TURALI
720 2782 807 2853 UM
829 2781 931 2876 sagax
967 2766 1242 2858 intentarat

258 2899 330 2973 quo
354 2878 598 2950 attentionem
620 2875 714 2950 suam
741 2895 845 2951 acuat
870 2880 904 2952 δι
927 2895 1115 2964 exerceat,
1136 2881 1242 2972 contra

257 2977 389 3072 plando
423 2973 559 3067 fastigia
583 2973 732 3047 altiffimi
761 2976 919 3069 &super
942 2979 1074 3052 ethera
1103 2970 1240 3050 semino

256 3074 403 3152 Montis
422 3074 585 3157 specim
606 3072 812 3148 Mirabilem
831 3073 1037 3150 struituram
1057 3071 1172 3150 montis
1185 3063 1239 3137 Ter·

254 3177 361 3267 burg,
394 3169 586 3242 Horrenda
610 3171 806 3260 praecipitia
827 3175 925 3266 rupis
948 3167 1113 3257 Elimia,
1134 3171 1164 3242 in
1178 3153 1239 3234 iniit

257 3274 334 3362 ejus
363 3267 521 3341 nominis
550 3287 663 3358 prope
691 3267 902 3343 Oeiandiam
936 3271 1033 3360 srtae,
1062 3269 1184 3360 ipsoque
1199 3269 1240 3330 11⁰³

255 3369 375 3442 minus
404 3364 553 3437 nomine
584 3363 675 3454 apud
700 3368 829 3462 volgus
860 3368 1140 3463 Sueogothicum
1166 3359 1239 3434 eran·

254 3487 341 3542 num
366 3463 535 3553 usurpato
560 3483 666 3554 quam
689 3470 898 3538 truculento
922 3466 1083 3558 adspectu
1097 3459 1199 3555 aliquid
1210 3468 1240 3544 tr

256 3563 392 3649 tentis,
421 3559 517 3653 quod
535 3560 688 3650 antiquae
702 3563 821 3654 gentis
840 3565 1047 3658 stuporem,
1073 3564 1163 3638 timul
1175 3543 1239 3630 arsi

258 3661 507 3756 perstitionem
537 3658 703 3730 infinuet.
1211 3743 1220 3759 ..

329 3759 446 3832 Porro
495 3757 832 3832 concamerationes
879 3757 913 3830 δι
950 3773 1094 3854 cryptas
1126 3749 1234 3830 mirrea

258 3857 441 3932 montium
468 3854 600 3944 satum
631 3853 801 3927 Elevatas
825 3855 862 3928 in
886 3857 997 3930 altum
1017 3855 1171 3948 planities
1185 3841 1237 3926 irai

262 3959 444 4041 carutium
482 3948 674 4028 lauiitataa
704 3951 907 4064 formae&
934 3952 1120 4032 mutium
1144 3941 1247 4082 fortio

1197 4041 1246 4114 ir!⁴
