2702 4792
268 287 316 366 ee
650 257 942 359 immun.

269 463 308 535 in
341 482 416 534 uno
452 455 608 553 subjeuo
642 461 867 535 Anatoroico
912 462 1007 536 ultre
1052 465 1304 559 quatuordecim

269 559 482 634 invenerint
516 558 699 636 distindins¹
726 559 892 649 Taenies,
934 562 1040 654 inque
1072 567 1147 638 eliis
1177 567 1305 660 paucio·

268 678 350 745 res,
389 677 474 748 quas
503 656 606 728 vivas
636 656 818 730 C1.D:n0
850 659 988 733 Praesrdi
1023 665 1213 751 obtulere,
1244 663 1305 755 qui·

269 775 338 849 que
383 755 493 828 etiem
543 757 728 828 materiem
776 756 808 826 dt
854 759 1082 832 occasionem
1141 765 1306 854 prebuere

245 853 356 948 mihi
394 853 489 926 vires
529 853 755 948 periclitandi
790 875 910 942 mens,
949 855 1055 935 circo¹
1080 859 1206 932 horum
1246 858 1306 930 ani·

269 953 509 1028 malcuiorum
540 949 821 1045 descriptionem
852 951 886 1024 u
914 953 999 1027 eliae
1028 956 1303 1034 circumstantiae.

724 1211 759 1300 §.
808 1207 876 1286 IV.

340 1425 480 1502 Primus
523 1423 650 1520 gradus
686 1421 866 1518 sepientiae
905 1421 957 1502 est
989 1449 1046 1502 res
1080 1427 1169 1526 ipsas
1202 1423 1306 1516 noss'e,

119 1562 126 1577 ·
269 1526 428 1602 confusrs
469 1524 564 1596 enirn
604 1528 795 1619 generibus
837 1526 868 1598 dt
909 1526 1114 1620 speciebus,
1150 1523 1307 1602 confundi

270 1623 392 1698 omnia
417 1620 557 1693 neceue
590 1621 652 1698 est.
703 1617 802 1696 Dum
833 1625 927 1698 enim
960 1638 1105 1699 veteres
1139 1623 1285 1717 descrips
1297 1661 1307 1678 ·

268 1744 309 1797 re
344 1720 448 1794 nobis
480 1721 665 1792 materiem
697 1719 897 1811 medicam,
934 1724 1092 1817 negiedia
1127 1725 1306 1817 specierum

268 1818 442 1904 historie,
497 1816 632 1889 defecit
669 1815 815 1890 scientie
859 1821 891 1892 δι
929 1815 1030 1892 irrita
1075 1824 1214 1896 reddito
1255 1817 1305 1893 est.

268 1918 358 1992 Non
400 1915 496 1988 enim
527 1909 653 1988 sufficit
689 1917 797 1988 nobis
835 1913 921 1989 scire
961 1920 1080 2010 piures
1121 1915 1306 2014 lapides&

269 2018 409 2111 plantes
438 2013 510 2085 deri
543 2029 764 2099 uenenatas,
807 2037 932 2088 verum
969 2016 1055 2090 scire
1078 2019 1188 2091 etiam
1214 2033 1306 2110 opor·

268 2131 326 2187 tet
351 2133 511 2204 quaenam
542 2105 675 2204 species
705 2112 772 2183 irnt
806 2130 1021 2202 venenntae,
1056 2115 1089 2187 dt
1119 2113 1204 2206 quid
1231 2133 1308 2207 que·

267 2214 325 2285 vis
351 2209 507 2295 efficiam
539 2207 605 2281 aiio
633 2209 727 2282 enirn
759 2211 995 2286 medicamina
1021 2213 1053 2282 ei
1086 2213 1307 2298 infundimus,

268 2311 327 2405 qui
370 2307 504 2400 Opium
547 2306 684 2394 sumsrt3
724 2307 811 2388 alia,
856 2309 914 2400 qui
949 2309 1189 2400 Arsenicum3
1231 2311 1306 2397 alin,

266 2410 324 2500 qui
370 2405 640 2498 Hippomane83
695 2405 760 2476 alia
807 2407 959 2494 iterum,
1005 2409 1061 2498 qui
1103 2410 1307 2482 Aconitum.

161 2513 164 2520 ’
265 2506 335 2580 Vel
373 2505 534 2594 exempla
582 2524 602 2572 e
647 2501 880 2594 serpentibus
924 2506 1129 2595 proferam:
1187 2505 1308 2581 morsus

265 2604 427 2696 viperae,
474 2601 583 2694 longe
629 2600 693 2670 elia
741 2599 851 2673 efficit
894 2599 1167 2694 symptomata,
1220 2619 1310 2698 quem

264 2698 432 2793 Aspidis,
478 2695 733 2782 Haemorrhoi,
791 2698 920 2790 Najae,
964 2701 1150 2792 bipedis,
1196 2704 1325 2794 Sepir,

266 2793 539 2887 Croteiopbori.
613 2794 834 2867 Antidotum
879 2797 1012 2870 morsus
1056 2795 1310 2892 Crotalophoti

263 2891 562 2990 praesentiffimurn
589 2890 640 2965 est
663 2893 801 2986 Senege
827 2893 1004 2990 Polygaire
1036 2895 1196 2988 species,
1220 2898 1310 2987 Neje

264 3015 356 3066 vero
378 2991 642 3084 Opbiorrhiza,
673 2991 706 3060 u
732 2991 778 3063 fic
803 2993 838 3064 in
866 2994 953 3090 aliie.
1005 2993 1044 3066 In
1064 2995 1226 3069 Historia
1254 2997 1310 3066 ite·

263 3087 541 3188 quesufficienti
570 3086 868 3180 &descriptione
894 3089 1051 3174 T'aeniae,
1092 3093 1152 3166 seu
1185 3093 1309 3167 vermir

261 3185 528 3286 pertradiandi,
590 3187 741 3276 primunr
789 3187 860 3280 jem
916 3191 1154 3280 occupabitur
1210 3207 1312 3286 opere

262 3285 403 3372 nostre;
437 3298 479 3356 ut
514 3283 609 3360 enim
651 3286 769 3374 plures
809 3285 938 3357 dentur
971 3287 1105 3377 species
1137 3293 1312 3364 vermium

261 3389 298 3460 in
339 3404 496 3475 corpore
531 3383 708 3464 humano,
748 3384 881 3454 nullum
917 3385 1023 3474 etjam
1056 3385 1106 3458 est
1143 3390 1310 3476 dubium,

262 3483 345 3578 quin
380 3479 522 3574 finguiae
556 3478 688 3570 species
723 3476 814 3550 suam
856 3481 1009 3553 babeant
1049 3483 1311 3559 diversrffimam

260 3581 444 3662 indolem,
472 3577 504 3648 u
529 3574 778 3647 diuersrssimos
797 3577 904 3667 etjam
925 3580 1124 3666 producant
1149 3582 1324 3657 effediur.'

261 3680 345 3752 Sine
392 3673 555 3746 distincto
600 3690 782 3763 conceptu
831 3677 1021 3766 genetiuo,
1068 3678 1314 3756 difficillimum

260 3773 332 3862 est,
360 3772 383 3846 ii
413 3792 487 3844 non
522 3773 626 3861 plane
660 3769 890 3862 imposibile,
924 3771 1083 3846 distinete
1108 3801 1316 3870 proponere

205 3915 231 3969 ,a
259 3873 416 3968 speciem
456 3868 619 3946 omnium
653 3889 741 3965 ergo
779 3871 933 3964 primum
969 3876 1197 3950 removenda
1241 3878 1316 3950 suot

1210 3995 1317 4072 gene·
