2604 4788
210 225 279 302 ru
480 209 687 292 deutra
734 181 1001 292 annonaria

232 394 315 466 ibba
338 390 494 496 evadit,
526 392 622 472 unde
653 393 687 465 dr
719 392 916 468 Hortulani
954 393 1100 486 copiam
1133 390 1269 470 fruens

205 417 386 585 {quentis
420 492 504 565 anni
539 494 577 566 in
608 490 798 564 arboribus
830 491 1017 584 pomiferis
1046 493 1080 565 dr
1109 491 1270 586 drupifc,

204 592 259 668 ris
303 588 537 683 presagiens,
580 610 791 683 quamquam
839 590 957 664 minus
1007 611 1122 684 vere,
1158 611 1267 686 quum

205 708 357 786 gemme
397 687 561 762 indicent
607 687 729 760 saltem
770 685 881 760 flores
930 688 1120 783 copiosos,
1177 683 1281 784 quoa'

206 808 283 866 non
317 787 367 859 ita
394 802 496 892 cerro
529 783 663 863 fruetus
697 783 968 878 subsequuntur.

660 1003 695 1094 t·
748 996 813 1072 vr

284 1148 519 1242 Hybernoculo
550 1169 591 1221 re
618 1144 689 1241 ipsa
720 1144 801 1221 sunt
830 1146 988 1233 Gonmae,
1013 1167 1121 1240 quum
1148 1146 1270 1223 custo·
1297 1179 1298 1184 ¹

205 1244 306 1324 diaut
344 1249 515 1322 tenellam
549 1243 696 1320 herbam
730 1245 773 1318 ab
801 1244 894 1318 aleris
923 1243 1057 1318 sevitia
1084 1267 1152 1338 per
1182 1246 1269 1340 bye-

202 1367 312 1423 anenr.
352 1343 449 1420 Hinc
476 1343 550 1436 est,
573 1344 670 1436 quod
700 1339 869 1416 Summus
894 1338 1077 1416 Conditor
1104 1361 1270 1436 gemmas

203 1444 387 1538 plerisque
412 1443 600 1518 arboribus
627 1453 731 1515 extra
749 1437 936 1534 Tropicos
956 1439 1084 1534 sponte
1103 1440 1270 1518 crescen-

203 1544 325 1624 tibus,
353 1543 412 1614 vel
443 1541 567 1633 potius
603 1538 829 1636 Regionibus
860 1537 999 1634 frigidis
1034 1538 1270 1614 nascentibus

197 1637 397 1720 'conceffit;
433 1655 564 1712 contra
595 1660 687 1710 vero
719 1636 913 1732 regionum
941 1635 1132 1712 calidarum
1161 1639 1269 1712 arbo-

202 1738 303 1810 ribus
346 1757 505 1830 genrnras
546 1737 756 1830 plerumque
793 1733 1000 1830 denegavit.
1060 1733 1268 1808 Observata·

204 1835 301 1910 enirn
352 1835 446 1908 baud
491 1855 621 1928 paucas
663 1834 700 1908 in
742 1833 855 1908 horto
898 1832 1145 1922 Academico,
1190 1855 1267 1925 qua

201 1934 357 2028 patriam
395 1931 593 2028 agnoscunt
639 1929 872 2020 calidiorem,
922 1937 1056 2024 gemnis
1107 1933 1266 2008 omnino

202 2031 393 2126 destitutor,
427 2031 461 2104 dr
496 2032 687 2106 nonnullas
723 2049 890 2122 quoque,
929 2028 1120 2122 pauciores
1152 2029 1260 2120 licet,

200 2127 404 2305 fstf‘issidss
447 2129 685 2226 regionibus;
733 2147 884 2222 quarum
932 2128 1140 2226 catalogum
1182 2127 1264 2206 heia

217 2253 227 2304 r
256 2248 306 2328 p:
341 2251 398 2302 ex.
428 2250 480 2325 gr.
719 2241 720 2248 ‘

207 2374 324 2446 Citrur·
522 2369 708 2463 Erythrino
811 2365 980 2464 Asclepios
1082 2367 1184 2441 Rbus

206 2469 382 2559 Medicago
388 2465 477 2558 frua.
515 2467 664 2542 Nerium
806 2465 992 2540 Alatrrmrr
1081 2465 1239 2564 Mimrffa

206 2569 303 2642 Rbus
320 2571 459 2640 coriario
518 2566 658 2658 Lycium
668 2565 799 2638 lorber.
816 2563 986 2660 Erongulo
1002 2553 1044 2654 ⁶)

206 2663 378 2842 {Iotropbo
523 2664 683 2738 Paliurur
772 2708 788 2728 a
807 2659 965 2755 Gleditfio
1079 2663 1244 2738 Bobodab

247 2763 336 2856 ibisci
524 2759 632 2859 Coffio
807 2759 995 2855 Molplgbio'
1083 2761 1269 2836 Lovolem

201 2861 379 2957 Anogyris
525 2860 680 2934 Tamaris:
809 2857 955 2932 Gerania
1082 2859 1184 2932 Ruta

200 2961 308 3034 Erico
518 2953 670 3051 Justicio
807 2955 942 3030 Hedera
1082 2953 1260 3056 Cupreffrrs

207 3061 388 3131 l'iburnum
519 3057 642 3128 Solone
657 3059 772 3128 exodio.
812 3051 931 3148 Tbuyo
1080 3055 1258 3134 Patrono

199 3155 359 3252 Pereskio
518 3153 642 3228 Sabino
807 3151 1037 3250 Philadelphus

272 3299 453 3393 Adeoque
496 3298 598 3372 irrita
634 3291 686 3369 est
723 3295 805 3390 Rojr'
834 3294 869 3366 dr
902 3295 1092 3372 Pontedera
1130 3295 1267 3376 divilio

197 3397 400 3490 plantarum
434 3397 472 3472 in
510 3393 641 3472 herbas
680 3391 714 3467 dr
746 3393 895 3469 arbores
934 3417 981 3469 ex
1017 3395 1264 3474 fundamento

197 3515 442 3591 gemmarum,
484 3494 568 3571 durn
607 3491 853 3566 adoratione
884 3495 994 3570 caulis
1021 3495 1269 3670 eandiffngree

204 3711 647 3734 m

234 3764 271 3842 *)
300 3765 441 3841 Frangula
466 3767 506 3828 eli
525 3767 613 3826 unica
633 3767 723 3825 arbor
741 3766 879 3840 indigena
897 3769 1034 3842 sueciae,
1054 3783 1124 3845 quae
1136 3769 1266 3844 gemnis

194 3863 293 3920 caret,
322 3847 372 3906 sed
394 3846 508 3908 bablrar
531 3848 583 3906 illa
606 3847 659 3906 sub
684 3847 860 3920 arboribus,
889 3849 919 3908 ln
939 3850 1111 3914 nemonbua
1128 3849 1266 3926 paleae-

193 3931 250 4004 ut,
279 3945 346 3993 curu
370 3929 434 3991 allis
460 3929 569 4006 plantis
593 3945 610 3988 a
630 3927 735 3990 sevitia
754 3925 869 4005 hycnlr
890 3929 1018 4001 meula.
