2602 4788
146 297 151 308 .
188 231 260 326 10²2
337 217 340 224 ’
412 247 628 330 arcuum
664 195 1018 326 coruinum.

187 427 234 502 ab
271 373 393 519 Indis,
430 397 588 524 quaedam
626 430 780 508 aliunde.
839 428 948 504 Unde
980 446 1073 499 vero
1106 395 1281 521 cumque

188 527 433 697 proveniant,
470 528 559 603 boni
593 527 686 600 haud
721 524 828 600 dubie
855 527 906 598 est
940 523 1076 598 Medici
1110 525 1279 600 nulium

219 625 334 696 lurum
359 620 550 714 adhibere,
587 625 651 700 nist
685 629 800 720 probe
836 623 1031 716 exploratis
1058 626 1280 712 cuiuscun-

187 739 260 814 'que
286 721 425 794 viribus
456 721 652 802 &natura
703 723 847 796 Summa
874 723 984 816 igitur
1004 721 1142 795 Medici
1173 741 1279 794 cura

144 895 147 900 .
190 820 457 913 maximumque
489 820 643 895 studium
679 824 771 908 erit,
806 837 847 892 ut
885 818 1069 914 Offitinalia
1096 820 1278 894 Medica·

190 933 300 992 menta
347 919 420 991 rite
458 919 683 1014 cognoscat,
737 921 771 993 da
811 919 1045 1015 cognitorum
1096 918 1279 989 cuilibet

190 1018 323 1088 morbo
353 1029 436 1107 apta
464 1015 599 1112 seligat.
649 1021 795 1114 Quique
820 1017 950 1090 horum
974 1013 1140 1088 setectum
1175 1035 1278 1088 cum

192 1113 361 1186 adcurate
393 1116 604 1188 morborum
641 1116 786 1189 historia
821 1113 1075 1204 conjunxerit,
1112 1114 1143 1184 is
1178 1134 1279 1186 eru·

193 1208 289 1284 ditus
333 1211 524 1303 Medicus,
570 1211 600 1286 is
636 1215 725 1288 leli-x
755 1211 954 1301 Prailicus,
995 1213 1129 1284 merito
1171 1213 1280 1288 salu·

192 1320 303 1384 tatur.
830 1317 834 1328 '

184 1521 189 1536 ·
264 1501 332 1576 lv.
367 1501 427 1578 Ad
463 1502 656 1600 perfeiiam
680 1503 849 1579 Materia
882 1500 1037 1576 Medica
1065 1497 1278 1596 cognitio·

192 1621 277 1679 nem
303 1601 457 1676 maxime
481 1603 642 1675 omnium
669 1604 863 1694 requiritur
892 1601 972 1685 iila,
999 1619 1100 1691 quam
1131 1603 1279 1692 cujus·

185 1701 251 1794 Avis
283 1697 654 1773 MEDICAMENTI
685 1698 975 1773 HISTORIAM
1006 1698 1274 1775 nominamus.

193 1795 509 1883 Dourffimorun,
549 1799 710 1872 omniunt
750 1813 976 1886 temporum,
1019 1794 1277 1872 Medicorum

193 1896 231 1972 in
266 1899 337 1970 hoc
370 1895 565 1969 studiorum
595 1917 732 1992 genere
764 1899 854 1968 aden
888 1916 963 1966 non
998 1913 1178 1990 negamus
1215 1895 1277 1965 vi·

195 1993 403 2090 gilantiam,
448 2011 487 2066 ut
534 1995 883 2068 medicamentorum
922 1991 1181 2087 cognitionem
1225 1993 1274 2064 il·

193 2091 353 2167 lustrium
384 2092 527 2165 illorum
559 2093 753 2186 diligentie
782 2109 889 2183 atque
921 2089 1158 2181 experientia
1191 2111 1268 2163 nos

172 2189 329 2262 'debere
371 2189 528 2285 ingenue
571 2189 779 2276 fateamur3
824 2187 943 2262 nescio
985 2203 1139 2272 tamen,
1205 2188 1273 2282 qui

193 2287 325 2364 fretun
365 2287 431 2372 sit,
466 2301 507 2360 ut
538 2290 711 2378 nonnulla
741 2287 832 2358 adeo
861 2284 1180 2374 inveteraverim,
1227 2305 1274 2362 ut

196 2407 323 2459 eorum
357 2387 419 2458 vel
450 2387 627 2480 originem
666 2387 724 2456 uel
764 2385 859 2456 ulum
899 2385 1003 2471 plane
1030 2382 1274 2474 ignoremus.

194 2485 355 2556 Veteres
385 2479 659 2574 prestantiffima
691 2482 751 2554 sibi
783 2481 931 2576 cognita
958 2479 1115 2552 habuisse
1144 2483 1276 2556 medi·

197 2594 385 2667 tamenta,
418 2601 569 2672 quorum
595 2581 666 2674 jam
695 2579 904 2651 memoriam
930 2577 1072 2650 oblivio
1099 2577 1276 2670 delevit,

196 2699 329 2762 nemo,
361 2677 420 2770 qui
451 2699 559 2769 opera
588 2675 933 2767 mouentium,
959 2675 1021 2750 ubi
1050 2675 1279 2752 medicami-

199 2797 285 2852 num
316 2777 416 2851 vircs
456 2776 491 2848 da
524 2775 604 2848 usus
644 2789 922 2868 proponuntur,
961 2771 1275 2865 perlustraverit,

200 2887 281 2958 eat,
301 2873 500 2963 speramus,
523 2873 676 2950 inficias.
729 2873 912 2968 Quoniam
935 2891 1027 2942 vero
1046 2868 1279 2964 descriptio·

200 2993 265 3045 nes
296 2969 540 3064 Simplicium,
569 2971 632 3041 illo
662 2987 855 3062 ternpore,
888 2989 1010 3061 parum
1033 2983 1137 3042 etant
1164 2991 1276 3046 curt

130 3085 133 3090 ’
201 3067 398 3160 cordique,
428 3089 495 3141 nec
521 3083 634 3140 artem
666 3068 790 3141 eadem
819 3065 1279 3143 adumbrandidelinean·

203 3169 310 3260 dique
350 3167 550 3239 calluerunt
588 3165 749 3258 antiqui,
783 3187 858 3238 non
895 3165 1020 3236 mirum
1054 3163 1132 3250 est,
1161 3167 1279 3258 quod

203 3266 394 3362 posteritas
440 3265 651 3354 perplurima
699 3284 825 3336 eorum
873 3263 934 3335 vel
980 3263 1150 3354 ignoret,
1209 3267 1280 3338 vel

203 3387 280 3440 non
309 3363 371 3436 nist
401 3360 606 3433 difficillime
634 3360 805 3454 detegere
829 3375 948 3450 queat.
1002 3360 1086 3432 Hoc
1107 3381 1280 3453 perpen-

206 3463 335 3536 dentes
361 3458 492 3530 eruditi
518 3459 745 3531 Medicorum
770 3457 956 3545 hodierni,
977 3457 1115 3530 summo
1141 3458 1279 3533 studio

204 3560 241 3632 in
280 3559 316 3629 id
356 3556 621 3644 incubuerunt,
664 3569 704 3628 ut
742 3556 945 3628 adcuratam
991 3555 1024 3627 dr
1062 3553 1281 3634 distintlam

159 3654 457 3752 ¹'cognitionem
502 3656 689 3728 traderent
728 3653 947 3746 Simplicium
989 3651 1279 3744 Officinaiium,

202 3775 251 3829 ne
285 3755 406 3827 futura
440 3751 556 3825 secula
588 3753 624 3826 in
662 3773 762 3842 eam,
796 3751 856 3824 sub
893 3772 960 3844 qua
992 3751 1176 3844 superiora
1215 3757 1279 3828 in.

201 3863 439 3950 gemuerunt,
464 3851 594 3928 horum
624 3851 830 3948 ignorantia
861 3847 1182 3938 &desuetudine,
1213 3851 1281 3926 in·

1107 3965 1278 4025 currant
