2660 4780
179 201 183 206 ·
265 123 491 302 'arcuum
521 184 875 272 conuauruutt
1028 211 1103 280 ιρι

31 433 37 443 .
121 367 174 448 11.
205 367 368 444 Prelidir
398 381 528 446 contra
557 367 707 446 morbos
739 370 833 444 etri
859 366 923 447 lici
949 369 1102 454 Naturae
1158 395 1169 420 ¹

32 469 176 563 Regno
218 466 499 562 depromuntur:
540 463 692 561 suntque
733 467 793 542 vel
826 392 1001 566 istulerit
1039 469 1103 544 vel

45 568 188 642 Toxica.
224 563 314 638 Haec
342 565 528 640 sanitatem
558 577 820 660 expugnatam,
854 587 989 661 corpur
1025 587 1102 642 mu·

40 661 183 754 tando,
217 659 366 758 pristino
403 661 596 762 restituunt
625 659 751 750 statui;
793 663 852 734 illa
886 661 1100 754 sanitatem,

45 779 178 854 corpor
211 757 488 847 conservando,
514 773 644 834 contra
672 759 855 852 quoslibet
883 764 1115 838 morborum(

43 858 193 944 insultus
212 857 393 932 muniunt.
419 857 610 932 Pharnace
628 855 661 932 dr
676 857 828 942 Venena
847 855 899 932 ita
917 857 1099 954 dlstingul,

39 969 85 1030 ut
110 975 277 1046 venena,
309 955 375 1030 etsr
410 976 523 1052 parva
556 955 630 1030 dou
667 955 928 1044 exhibeantur,
965 977 1099 1050 corpur

36 1051 247 1142 destruant,
271 1073 346 1128 non
370 1073 463 1126 vero
489 1052 577 1128 item
595 1051 801 1142 Pharmaca,
824 1053 927 1148 pauci
948 1055 1099 1149 opimo·
1186 1047 1189 1058 '

36 1163 112 1224 tur.
175 1147 282 1226 Hanc
321 1171 413 1224 vero
446 1149 708 1226 distintliooem
745 1165 911 1245 tanquam
950 1151 1098 1230 noxiam

34 1245 189 1324 haerelin
242 1269 264 1320 e
303 1248 534 1324 Medicorum
594 1248 785 1321 territorio
845 1249 1098 1332 eliminandam

36 1343 239 1420 censemur.
315 1347 438 1442 Quum
483 1345 579 1422 enim
628 1344 750 1420 omnia
801 1365 944 1421 uenena
980 1345 1099 1422 'instar

40 1439 312 1518 sortiffimorum
340 1443 409 1520 smt
433 1459 637 1532 armorum,
670 1443 797 1536 quibus
822 1447 889 1518 vel
912 1443 1097 1536 savium,

43 1539 135 1614 teste
174 1541 383 1636 quotidiana
429 1541 664 1634 plurimorum
710 1539 941 1618 Medicorum
990 1563 1097 1635 expe,-

39 1635 194 1726 nentia,
220 1635 448 1733 debellantur
479 1639 624 1728 morbi,
657 1637 735 1732 quie
766 1640 935 1734 prudenti
968 1655 1098 1725 artem·

6 1791 7 1798 a
37 1757 106 1828 que
131 1735 226 1811 suam
251 1737 345 1809 bene
372 1736 519 1812 callenti
548 1735 719 1826 Medico,
750 1758 816 1830 pro
839 1759 878 1812 re
906 1753 1012 1828 nata,
1037 1737 1099 1812 illa

31 1831 264 1928 prescribere
301 1831 478 1928 negaret?
538 1833 648 1930 Juxta
683 1848 805 1912 tamen
844 1834 938 1910 haud
970 1835 1097 1914 imma.-

32 1952 160 2006 mores
186 1931 291 2006 srmur
319 1930 483 2008 tritissimi
508 1953 582 2006 oon
608 1931 747 2022 minus,
776 1954 878 2026 quam
904 1931 1094 2020 vertuni,

33 2029 156 2104 illius:
189 2029 430 2106 Medicamenta
450 2029 621 2126 praestanti
641 2053 726 2117 tara,
749 2036 785 2106 in
811 2055 909 2104 mana
942 2035 1094 2128 imperiti,

22 2127 108 2222 sant
138 2132 190 2201 atti
226 2129 356 2222 gladius
389 2133 423 2202 in
452 2131 567 2204 dextra
617 2125 723 2221 otiosi.
775 2127 928 2204 Venena
956 2129 1095 2222 itaque,

29 2222 122 2318 justa
161 2224 404 2318 proportione
433 2223 468 2298 dr
496 2224 571 2300 dost
603 2226 819 2318 propinata,
856 2225 1096 2318 Medicamenta

33 2322 146 2396 nobis
170 2323 319 2398 audiunt
344 2323 498 2400 Hernica.
550 2321 824 2402 Nonnullorum
849 2323 1026 2399 sententia
1049 2322 1094 2396 de

32 2411 202 2496 Veneno
229 2423 308 2514 plus
331 2419 498 2495 Materia
523 2415 679 2495 oteuicae
705 2420 837 2496 adtulit
866 2419 1093 2512 detrimenti,

34 2539 139 2611 quam
182 2519 271 2594 aliur
323 2539 476 2610 unquam
527 2539 630 2592 error
676 2519 857 2614 vulgarica
911 2517 946 2592 id
995 2515 1094 2614 quod

35 2617 210 2709 exemplis
232 2615 340 2709 Opil,
368 2615 516 2707 Chinae,
542 2615 706 2706 Amice,
731 2617 999 2694 Mercurialium
1025 2617 1094 2692 dte.

37 2713 175 2789 abunde
199 2713 363 2808 constat,
390 2735 586 2808 aquarum
615 2713 676 2789 usu
698 2717 901 2808 respublica
930 2713 1092 2804 Medica,

42 2812 145 2885 certis
181 2816 433 2904 temporibus,
472 2834 547 2886 non
589 2811 663 2886 fine
697 2812 823 2910 inligni
856 2815 1093 2908 plurimorum

41 2899 221 3081 hamarim
253 2905 412 2986 sanitatis
444 2907 589 2988 &viter
620 2907 778 3004 jatlura,
803 2933 908 3006 quam
938 2909 1095 2988 maxime

42 3024 60 3078 a
109 3009 236 3082 orruit.

115 3198 182 3280 111.
215 3199 278 3276 Ne
302 3199 405 3279 ext'rr
433 3205 556 3308 plear,
582 3201 679 3298 quod
704 3201 860 3294 dicitur,
887 3201 1015 3301 vagari
1035 3199 1095 3276 vi·

37 3295 201 3388 duamur,
227 3298 322 3378 iutra
348 3305 531 3376 caucellos
554 3299 749 3376 Medicina
783 3301 969 3378 hodierne
999 3319 1094 3392 nor,

39 3411 207 3490 oportet,
234 3398 510 3487 contineamur,
538 3419 582 3472 ea
608 3399 868 3476 consideraturi
904 3398 1091 3490 remedia,

36 3515 108 3582 quae
139 3493 175 3569 in
201 3493 373 3572 'Officinir
415 3497 526 3572 hodie
565 3497 726 3590 prostant
762 3495 1093 3588 Pharmaceuticir,

37 3591 69 3662 dr
98 3589 248 3666 Medico
281 3592 441 3670 Pratlico
467 3594 542 3670 utlri
573 3595 643 3668 elle
661 3593 841 3688 potsunt,
870 3617 912 3669 ac
942 3581 1093 3674 debent.

34 3685 173 3764 Horum
205 3693 362 3783 quedam
396 3691 542 3788 Europa
581 3714 602 3764 e
644 3693 706 3768 suo
742 3693 946 3790 exporrigit
995 3691 1097 3781 flou,

35 3785 186 3880 quadam
205 3789 434 3886 asportantur
451 3793 496 3868 ab
511 3789 715 3962 Aragibue,
734 3790 895 3889 quedam
916 3788 1096 3962 extremig

634 3910 655 3988 3
1051 3906 1070 3961 a
