2602 4788
228 266 300 349 178
520 249 732 331 GENESss.
769 245 1004 332 caucum.
1111 347 1125 376 f

227 455 307 510 rum
339 422 526 510 communi
570 457 681 531 cura,
714 436 767 512 ad
804 453 910 530 quam
943 436 1151 534 pergimus,
1196 439 1285 517 lucu·

228 534 364 610 lentius
395 534 550 630 patebit.

578 713 665 790 VII.
717 716 747 788 C
776 713 870 790 UR
895 711 946 788 A.

297 845 472 925 XXXVI.
512 850 800 948 Lithorrtripticum
834 851 1006 932 Dominae
1039 849 1192 952 Jonrrrtoe
1226 857 1280 932 Str.

225 954 346 1048 piens,
384 971 403 1022 a
434 949 663 1024 Parlamento
696 950 918 1024 Londioensr
955 971 1053 1042 5000
1093 952 1200 1026 libris
1244 977 1284 1028 ro

230 1048 416 1136 demtum,
449 1068 517 1139 pro
559 1049 631 1122 baii
666 1047 829 1142 agnoscit
861 1049 1050 1122 alcaiinum
1084 1047 1146 1122 seu
1185 1051 1283 1126 tester

229 1143 402 1221 ustulatus
434 1146 673 1220 cochlearum.
695 1147 733 1219 in
757 1147 891 1219 calcem
919 1141 972 1235 ⁶).
1024 1144 1119 1238 Sapo
1147 1171 1197 1221 ex
1227 1149 1285 1222 saie

232 1245 411 1331 nicaiino,
439 1243 492 1318 uti
532 1243 736 1318 antaeidum
764 1241 799 1316 ἃ
830 1243 1026 1340 detergens
1054 1241 1208 1336 viscidi,
1247 1248 1284 1321 ia·

230 1339 457 1418 mofiffimum
501 1341 539 1416 in
574 1342 715 1417 calculo
755 1340 916 1415 curando
952 1341 1088 1436 semper
1126 1342 1285 1420 habitan

230 1439 301 1516 fuit
334 1438 546 1514 remedium.
613 1438 712 1513 Hinc
747 1437 959 1513 calculosam
1002 1439 1194 1515 materiam
1240 1443 1284 1516 ab

231 1536 356 1633 stergit
383 1536 526 1630 quidem
561 1535 667 1626 sapo,
704 1535 760 1609 sed
795 1557 871 1611 non
902 1534 1092 1628 praeservat
1123 1539 1286 1632 imposte·

231 1656 333 1716 rum,
383 1655 465 1708 cum
506 1631 606 1708 fibris
643 1637 777 1708 nulium
820 1635 864 1706 ab
897 1656 944 1708 eo
975 1638 1087 1710 robur
1118 1639 1285 1724 accedatr

233 1731 283 1807 sic
311 1732 434 1808 succus
461 1731 587 1822 Porri,
627 1732 738 1821 Allii,
776 1731 937 1827 Raphani
971 1733 1083 1808 solvit
1117 1737 1282 1811 calcator

235 1830 339 1905 Lobb.
367 1837 517 1926 ceperim.
535 1841 672 1927 97:98.
689 1851 748 1926 99.

304 1959 491 2041 XXXVII.
524 1964 707 2041 AMARA
742 1964 882 2041 acidum
917 1965 1141 2062 infringunt,
1179 1967 1286 2044 fimui

232 2089 303 2159 que
348 2063 455 2139 fibras
498 2064 674 2138 fortiores
722 2064 908 2154 reddunt,
956 2066 1063 2147 uode,
1095 2064 1218 2141 Chioa
1257 2063 1282 2140 it

234 2164 558 2341 greigtrrirarltlgr.tant⁰
596 2183 679 2237 cum
717 2161 833 2237 frutiu
863 2163 901 2238 in
939 2161 995 2237 hir
1031 2162 1173 2304 motois
1206 2185 1281 2260 pra·

304 2396 511 2472 XXXVIII.
560 2400 727 2474 Humatis
763 2395 967 2487 cerevisia,
1013 2398 1057 2474 ad
1092 2399 1290 2476 tollendam

236 2495 500 2586 acescentiam,
526 2498 691 2586 additus,
717 2494 823 2570 fibras
855 2498 1033 2587 roborat,
1063 2497 1159 2576 unde
1195 2519 1290 2574 cere·

234 2594 322 2690 visra
351 2608 507 2668 tantum·
525 2594 616 2668 acidi
649 2616 724 2669 non
760 2607 931 2687 generat,
956 2614 998 2667 ac
1029 2595 1180 2684 vinum;
1212 2597 1289 2672 hinc

234 2691 417 2765 Ceieberr.
460 2691 698 2766 Lithotomus
748 2696 930 2788 Cyprianus
967 2691 1065 2766 inter
1101 2716 1227 2785 1400,
1261 2693 1291 2768 iu

234 2791 361 2884 quibus
394 2790 646 2882 operationem
679 2790 845 2884 peregit,
874 2789 1113 2884 OenopoIas,
1138 2814 1193 2866 ne
1222 2791 1291 2866 uni·

235 2909 316 2963 cum
350 2886 494 2980 quidem
522 2888 769 2985 Zythopoiam
798 2887 1014 2962 calculosum
1043 2889 1152 2961 vidit.

306 3025 470 3099 XXXIX.
497 3025 698 3100 Relaxanrr‘a
723 3045 744 3096 e
769 3025 957 3100 contrario
988 3027 1133 3122 genesin
1166 3029 1290 3104 calculi

235 3123 567 3308 Ἑζξῖῃῖἷξῧὲὲυῑί
596 3125 761 3199 turinnes
786 3124 977 3223 Asparagi,
1003 3125 1175 3223 pinguia,
1202 3127 1296 3204 Ana·

308 3340 443 3434 Cofrrus
471 3341 573 3418 Herc.
606 3342 661 3415 iii.
681 3361 715 3412 a.
746 3363 774 3414 c.
796 3361 830 3430 4.
858 3335 929 3432 ipse
950 3341 1149 3416 calculosus
1169 3347 1295 3440 pulcre

235 3441 469 3528 observavit,
503 3438 623 3532 quod,
657 3436 803 3528 stultia
835 3451 910 3510 tres
949 3438 1090 3513 alaudas
1122 3445 1296 3518 comede

234 3543 319 3630 bat,
347 3559 434 3611 mox
460 3536 678 3631 paroxysmo
705 3533 832 3608 calculi
863 3533 1113 3612 divexabatur.

1151 3655 1299 3734 Cavea·

273 3847 310 3925 ⁸⁹)
332 3852 410 3910 idem
432 3847 575 3909 PLINIO
592 3848 717 3907 XXX.
736 3857 766 3917 8.
788 3863 892 3910 notum
912 3849 969 3912 suit
982 3853 1134 3924 fresarum
1146 3857 1299 3923 Coum·

232 3948 298 4002 tum
312 3934 442 3995 inanium
465 3933 577 3990 cineres
599 3929 636 3988 ad
657 3929 790 4004 ratpoto·
809 3931 978 4008 pellendae.
1065 3995 1070 4004 ,
