<?xml version="1.0" encoding="UTF-8"?>
<!DOCTYPE html PUBLIC "-//W3C//DTD XHTML 1.0 Transitional//EN"
    "http://www.w3.org/TR/xhtml1/DTD/xhtml1-transitional.dtd">
<html xmlns="http://www.w3.org/1999/xhtml" xml:lang="en" lang="en">
 <head>
  <title>
</title>
<meta http-equiv="Content-Type" content="text/html;charset=utf-8" />
  <meta name='ocr-system' content='tesseract 3.04.00' />
  <meta name='ocr-capabilities' content='ocr_page ocr_carea ocr_par ocr_line ocrx_word'/>
</head>
<body>
  <div class='ocr_page' id='page_1' title='image "./carolialinnequi06schrgoog_0239.png"; bbox 0 0 2604 4788; ppageno 0'>
   <div class='ocr_carea' id='block_1_1' title="bbox 242 209 945 309">
    <p class='ocr_par' dir='ltr' id='par_1_1' title="bbox 242 209 945 309">
     <span class='ocr_line' id='line_1_1' title="bbox 242 209 945 309; baseline -0.003 -17"><span class='ocrx_word' id='word_1_1' title='bbox 242 235 316 309; x_wconf 79' lang='lat'>234</span> <span class='ocrx_word' id='word_1_2' title='bbox 424 265 440 300; x_wconf 87' lang='grc'><strong><em>,</em></strong></span> <span class='ocrx_word' id='word_1_3' title='bbox 599 209 705 287; x_wconf 87' lang='lat' dir='ltr'>PAN</span> <span class='ocrx_word' id='word_1_4' title='bbox 742 209 945 290; x_wconf 83' lang='lat' dir='ltr'><strong>SUECUS.</strong></span> 
     </span>
    </p>
   </div>
   <div class='ocr_carea' id='block_1_2' title="bbox 178 376 1264 1549">
    <p class='ocr_par' dir='ltr' id='par_1_2' title="bbox 178 376 1264 1549">
     <span class='ocr_line' id='line_1_2' title="bbox 241 376 1258 487; baseline -0.003 -18"><span class='ocrx_word' id='word_1_5' title='bbox 241 390 355 487; x_wconf 85' lang='lat' dir='ltr'>magis</span> <span class='ocrx_word' id='word_1_6' title='bbox 390 387 554 482; x_wconf 89' lang='lat' dir='ltr'>proficua</span> <span class='ocrx_word' id='word_1_7' title='bbox 587 389 625 464; x_wconf 91' lang='lat' dir='ltr'>in</span> <span class='ocrx_word' id='word_1_8' title='bbox 658 376 771 466; x_wconf 76' lang='lat' dir='ltr'>e&#39;scam</span> <span class='ocrx_word' id='word_1_9' title='bbox 812 390 915 480; x_wconf 86' lang='lat' dir='ltr'>fore,</span> <span class='ocrx_word' id='word_1_10' title='bbox 944 413 1019 486; x_wconf 82' lang='lat' dir='ltr'>prae</span> <span class='ocrx_word' id='word_1_11' title='bbox 1053 391 1138 468; x_wconf 83' lang='lat' dir='ltr'>aliia.</span> <span class='ocrx_word' id='word_1_12' title='bbox 1178 388 1258 466; x_wconf 82' lang='lat' dir='ltr'>Licet</span> 
     </span>
     <span class='ocr_line' id='line_1_3' title="bbox 240 489 1258 584; baseline 0.001 -19"><span class='ocrx_word' id='word_1_13' title='bbox 240 491 337 566; x_wconf 89' lang='lat' dir='ltr'>enirn</span> <span class='ocrx_word' id='word_1_14' title='bbox 366 508 521 580; x_wconf 88' lang='lat' dir='ltr'>pecora,</span> <span class='ocrx_word' id='word_1_15' title='bbox 558 502 719 584; x_wconf 83' lang='lat' dir='ltr'>cogente</span> <span class='ocrx_word' id='word_1_16' title='bbox 749 489 957 564; x_wconf 80' lang='lat' dir='ltr'>necessitate</span> <span class='ocrx_word' id='word_1_17' title='bbox 986 490 1155 579; x_wconf 85' lang='lat' dir='ltr'>&amp;same,</span> <span class='ocrx_word' id='word_1_18' title='bbox 1178 490 1258 580; x_wconf 84' lang='lat' dir='ltr'>etjam</span> 
     </span>
     <span class='ocr_line' id='line_1_4' title="bbox 240 586 1256 685; baseline -0.004 -21"><span class='ocrx_word' id='word_1_19' title='bbox 240 586 512 682; x_wconf 77' lang='lat' dir='ltr'>adprehendant</span> <span class='ocrx_word' id='word_1_20' title='bbox 545 588 764 682; x_wconf 82' lang='lat' dir='ltr'>vegetabih‘a</span> <span class='ocrx_word' id='word_1_21' title='bbox 796 590 914 662; x_wconf 88' lang='lat' dir='ltr'>minus</span> <span class='ocrx_word' id='word_1_22' title='bbox 955 605 1078 685; x_wconf 85' lang='lat' dir='ltr'>grata,</span> <span class='ocrx_word' id='word_1_23' title='bbox 1112 587 1256 662; x_wconf 86' lang='lat' dir='ltr'>indubium</span> 
     </span>
     <span class='ocr_line' id='line_1_5' title="bbox 239 683 1254 780; baseline -0.005 -18"><span class='ocrx_word' id='word_1_24' title='bbox 239 703 369 762; x_wconf 90' lang='lat' dir='ltr'>tamen</span> <span class='ocrx_word' id='word_1_25' title='bbox 409 683 480 772; x_wconf 88' lang='lat' dir='ltr'>est,</span> <span class='ocrx_word' id='word_1_26' title='bbox 520 685 597 759; x_wconf 86' lang='lat' dir='ltr'>haec</span> <span class='ocrx_word' id='word_1_27' title='bbox 634 706 711 760; x_wconf 89' lang='lat' dir='ltr'>non</span> <span class='ocrx_word' id='word_1_28' title='bbox 748 709 848 780; x_wconf 82' lang='lat' dir='ltr'>aeque</span> <span class='ocrx_word' id='word_1_29' title='bbox 886 685 955 760; x_wconf 85' lang='lat' dir='ltr'>iliis</span> <span class='ocrx_word' id='word_1_30' title='bbox 993 683 1152 780; x_wconf 80' lang='lat' dir='ltr'>prodesse</span> <span class='ocrx_word' id='word_1_31' title='bbox 1184 698 1254 778; x_wconf 79' lang='lat' dir='ltr'>atquc</span> 
     </span>
     <span class='ocr_line' id='line_1_6' title="bbox 240 781 1258 879; baseline -0.006 -19"><span class='ocrx_word' id='word_1_32' title='bbox 240 785 370 879; x_wconf 86' lang='lat' dir='ltr'>sapida.</span> <span class='ocrx_word' id='word_1_33' title='bbox 422 781 499 854; x_wconf 88' lang='lat' dir='ltr'>Pari</span> <span class='ocrx_word' id='word_1_34' title='bbox 538 783 685 860; x_wconf 87' lang='lat' dir='ltr'>ratione</span> <span class='ocrx_word' id='word_1_35' title='bbox 716 805 785 878; x_wconf 88' lang='lat' dir='ltr'>qua</span> <span class='ocrx_word' id='word_1_36' title='bbox 814 785 1000 860; x_wconf 85' lang='lat' dir='ltr'>Daleltarii</span> <span class='ocrx_word' id='word_1_37' title='bbox 1037 783 1145 858; x_wconf 89' lang='lat' dir='ltr'>nostri</span> <span class='ocrx_word' id='word_1_38' title='bbox 1172 781 1258 872; x_wconf 85' lang='lat' dir='ltr'>inop&#39;u</span> 
     </span>
     <span class='ocr_line' id='line_1_7' title="bbox 240 877 1261 977; baseline -0.006 -17"><span class='ocrx_word' id='word_1_39' title='bbox 240 887 511 960; x_wconf 84' lang='lat' dir='ltr'>frumentorum</span> <span class='ocrx_word' id='word_1_40' title='bbox 557 897 741 977; x_wconf 81' lang='lat' dir='ltr'>coguntur</span> <span class='ocrx_word' id='word_1_41' title='bbox 784 905 877 976; x_wconf 85' lang='lat' dir='ltr'>pane</span> <span class='ocrx_word' id='word_1_42' title='bbox 920 905 942 957; x_wconf 89' lang='lat' dir='ltr'>e</span> <span class='ocrx_word' id='word_1_43' title='bbox 982 881 1178 958; x_wconf 81' lang='lat' dir='ltr'>corticibus</span> <span class='ocrx_word' id='word_1_44' title='bbox 1210 877 1261 974; x_wconf 85' lang='lat' dir='ltr'>piri</span> 
     </span>
     <span class='ocr_line' id='line_1_8' title="bbox 178 978 1263 1075; baseline -0.006 -19"><span class='ocrx_word' id='word_1_45' title='bbox 178 1029 197 1064; x_wconf 86' lang='lat'><strong>.</strong></span> <span class='ocrx_word' id='word_1_46' title='bbox 240 978 413 1056; x_wconf 75' lang='lat' dir='ltr'>conferto</span> <span class='ocrx_word' id='word_1_47' title='bbox 458 978 572 1055; x_wconf 87' lang='lat' dir='ltr'>vitem</span> <span class='ocrx_word' id='word_1_48' title='bbox 612 979 829 1070; x_wconf 87' lang='lat' dir='ltr'>sustentare,</span> <span class='ocrx_word' id='word_1_49' title='bbox 875 1003 921 1054; x_wconf 85' lang='lat' dir='ltr'>ex</span> <span class='ocrx_word' id='word_1_50' title='bbox 954 1003 1027 1075; x_wconf 91' lang='lat' dir='ltr'>quo</span> <span class='ocrx_word' id='word_1_51' title='bbox 1063 994 1180 1054; x_wconf 84' lang='lat' dir='ltr'>tamen</span> <span class='ocrx_word' id='word_1_52' title='bbox 1209 997 1263 1050; x_wconf 87' lang='lat' dir='ltr'>uon</span> 
     </span>
     <span class='ocr_line' id='line_1_9' title="bbox 239 1075 1262 1172; baseline -0.002 -19"><span class='ocrx_word' id='word_1_53' title='bbox 239 1078 398 1172; x_wconf 89' lang='lat' dir='ltr'>seqnitur</span> <span class='ocrx_word' id='word_1_54' title='bbox 439 1075 513 1150; x_wconf 93' lang='lat' dir='ltr'>hoc</span> <span class='ocrx_word' id='word_1_55' title='bbox 550 1079 730 1172; x_wconf 88' lang='lat' dir='ltr'>optimum</span> <span class='ocrx_word' id='word_1_56' title='bbox 777 1079 859 1170; x_wconf 83' lang='lat' dir='ltr'>ipfis</span> <span class='ocrx_word' id='word_1_57' title='bbox 904 1077 976 1153; x_wconf 86' lang='lat' dir='ltr'>eise</span> <span class='ocrx_word' id='word_1_58' title='bbox 1021 1079 1262 1154; x_wconf 78' lang='lat' dir='ltr'>nutrimentum.</span> 
     </span>
     <span class='ocr_line' id='line_1_10' title="bbox 239 1171 1263 1271; baseline -0.009 -19"><span class='ocrx_word' id='word_1_59' title='bbox 239 1176 410 1252; x_wconf 83' lang='lat' dir='ltr'>Vidimus</span> <span class='ocrx_word' id='word_1_60' title='bbox 452 1173 599 1268; x_wconf 85' lang='lat' dir='ltr'>Equos,</span> <span class='ocrx_word' id='word_1_61' title='bbox 651 1177 737 1248; x_wconf 87' lang='lat' dir='ltr'>beili</span> <span class='ocrx_word' id='word_1_62' title='bbox 784 1190 953 1271; x_wconf 84' lang='lat' dir='ltr'>ternpore</span> <span class='ocrx_word' id='word_1_63' title='bbox 993 1177 1121 1251; x_wconf 87' lang='lat' dir='ltr'>ultima</span> <span class='ocrx_word' id='word_1_64' title='bbox 1162 1171 1263 1268; x_wconf 83' lang='lat' dir='ltr'>preses</span> 
     </span>
     <span class='ocr_line' id='line_1_11' title="bbox 235 1268 1264 1369; baseline -0.007 -20"><span class='ocrx_word' id='word_1_65' title='bbox 235 1273 359 1362; x_wconf 81' lang='lat' dir='ltr'>fame,</span> <span class='ocrx_word' id='word_1_66' title='bbox 406 1288 536 1348; x_wconf 89' lang='lat' dir='ltr'>vetera</span> <span class='ocrx_word' id='word_1_67' title='bbox 583 1271 779 1349; x_wconf 82' lang='lat' dir='ltr'>comediffe</span> <span class='ocrx_word' id='word_1_68' title='bbox 832 1274 1055 1369; x_wconf 85' lang='lat' dir='ltr'>sepimenta,</span> <span class='ocrx_word' id='word_1_69' title='bbox 1109 1272 1164 1349; x_wconf 87' lang='lat' dir='ltr'>sed</span> <span class='ocrx_word' id='word_1_70' title='bbox 1205 1268 1264 1344; x_wconf 84' lang='lat' dir='ltr'>inde</span> 
     </span>
     <span class='ocr_line' id='line_1_12' title="bbox 239 1367 1263 1472; baseline -0.006 -24"><span class='ocrx_word' id='word_1_71' title='bbox 239 1395 318 1448; x_wconf 89' lang='lat' dir='ltr'>non</span> <span class='ocrx_word' id='word_1_72' title='bbox 362 1386 448 1446; x_wconf 92' lang='lat' dir='ltr'>tuto</span> <span class='ocrx_word' id='word_1_73' title='bbox 489 1373 762 1466; x_wconf 83' lang='lat' dir='ltr'>concludimus,</span> <span class='ocrx_word' id='word_1_74' title='bbox 800 1373 899 1472; x_wconf 85' lang='lat' dir='ltr'>ligna</span> <span class='ocrx_word' id='word_1_75' title='bbox 933 1372 1095 1470; x_wconf 86' lang='lat' dir='ltr'>ipsorum</span> <span class='ocrx_word' id='word_1_76' title='bbox 1130 1369 1194 1446; x_wconf 85' lang='lat' dir='ltr'>ese</span> <span class='ocrx_word' id='word_1_77' title='bbox 1222 1367 1263 1442; x_wconf 82' lang='lat' dir='ltr'>ali·</span> 
     </span>
     <span class='ocr_line' id='line_1_13' title="bbox 240 1485 422 1549; baseline -0.016 0"><span class='ocrx_word' id='word_1_78' title='bbox 240 1485 422 1549; x_wconf 77' lang='lat' dir='ltr'>mentum.</span> 
     </span>
    </p>
   </div>
   <div class='ocr_carea' id='block_1_3' title="bbox 313 1695 1262 1826">
    <p class='ocr_par' dir='ltr' id='par_1_3' title="bbox 313 1695 1262 1826">
     <span class='ocr_line' id='line_1_14' title="bbox 313 1695 1262 1826; baseline 0 -24"><span class='ocrx_word' id='word_1_79' title='bbox 313 1727 356 1826; x_wconf 75' lang='lat' dir='ltr'>d)</span> <span class='ocrx_word' id='word_1_80' title='bbox 399 1731 597 1808; x_wconf 91' lang='lat' dir='ltr'>Industrius</span> <span class='ocrx_word' id='word_1_81' title='bbox 634 1695 897 1806; x_wconf 74' lang='lat' dir='ltr'>Pateriamilies</span> <span class='ocrx_word' id='word_1_82' title='bbox 937 1699 992 1807; x_wconf 68' lang='lat' dir='ltr'>cn¹</span> <span class='ocrx_word' id='word_1_83' title='bbox 1032 1732 1109 1808; x_wconf 94' lang='lat' dir='ltr'>hoc</span> <span class='ocrx_word' id='word_1_84' title='bbox 1140 1729 1262 1826; x_wconf 75' lang='lat' dir='ltr'>iudicat,</span> 
     </span>
    </p>
   </div>
   <div class='ocr_carea' id='block_1_4' title="bbox 160 1825 1275 3794">
    <p class='ocr_par' dir='ltr' id='par_1_4' title="bbox 160 1825 1275 3794">
     <span class='ocr_line' id='line_1_15' title="bbox 233 1825 1262 1930; baseline -0.01 -20"><span class='ocrx_word' id='word_1_85' title='bbox 233 1833 384 1930; x_wconf 74' lang='lat' dir='ltr'>‚quando</span> <span class='ocrx_word' id='word_1_86' title='bbox 417 1833 453 1907; x_wconf 90' lang='lat' dir='ltr'>in</span> <span class='ocrx_word' id='word_1_87' title='bbox 481 1834 593 1926; x_wconf 76' lang='lat' dir='ltr'>pratis</span> <span class='ocrx_word' id='word_1_88' title='bbox 620 1830 689 1906; x_wconf 90' lang='lat' dir='ltr'>suis</span> <span class='ocrx_word' id='word_1_89' title='bbox 706 1829 805 1906; x_wconf 61' lang='lat' dir='ltr'>rsoeni</span> <span class='ocrx_word' id='word_1_90' title='bbox 831 1829 964 1904; x_wconf 87' lang='lat' dir='ltr'>semina</span> <span class='ocrx_word' id='word_1_91' title='bbox 988 1828 1085 1905; x_wconf 85' lang='lat' dir='ltr'>serat</span> <span class='ocrx_word' id='word_1_92' title='bbox 1108 1831 1144 1906; x_wconf 91' lang='lat' dir='ltr'>in</span> <span class='ocrx_word' id='word_1_93' title='bbox 1162 1825 1262 1926; x_wconf 84' lang='lat' dir='ltr'>pastum</span> 
     </span>
     <span class='ocr_line' id='line_1_16' title="bbox 238 1927 1261 2030; baseline -0.011 -24"><span class='ocrx_word' id='word_1_94' title='bbox 238 1931 442 2030; x_wconf 88' lang='lat' dir='ltr'>pecudum,</span> <span class='ocrx_word' id='word_1_95' title='bbox 476 1953 552 2006; x_wconf 88' lang='lat' dir='ltr'>non</span> <span class='ocrx_word' id='word_1_96' title='bbox 586 1929 647 2021; x_wconf 86' lang='lat' dir='ltr'>ipsr</span> <span class='ocrx_word' id='word_1_97' title='bbox 680 1928 831 2022; x_wconf 89' lang='lat' dir='ltr'>perinde</span> <span class='ocrx_word' id='word_1_98' title='bbox 864 1927 958 2020; x_wconf 86' lang='lat' dir='ltr'>esse,</span> <span class='ocrx_word' id='word_1_99' title='bbox 994 1951 1165 2022; x_wconf 86' lang='lat' dir='ltr'>quasnam</span> <span class='ocrx_word' id='word_1_100' title='bbox 1194 1927 1261 2020; x_wconf 85' lang='lat' dir='ltr'>phe·</span> 
     </span>
     <span class='ocr_line' id='line_1_17' title="bbox 239 2025 1258 2123; baseline -0.012 -17"><span class='ocrx_word' id='word_1_101' title='bbox 239 2049 358 2107; x_wconf 90' lang='lat' dir='ltr'>tarnm</span> <span class='ocrx_word' id='word_1_102' title='bbox 399 2027 535 2121; x_wconf 87' lang='lat' dir='ltr'>speeies</span> <span class='ocrx_word' id='word_1_103' title='bbox 572 2028 706 2123; x_wconf 87' lang='lat' dir='ltr'>eligat,</span> <span class='ocrx_word' id='word_1_104' title='bbox 745 2041 787 2103; x_wconf 92' lang='lat' dir='ltr'>ut</span> <span class='ocrx_word' id='word_1_105' title='bbox 829 2027 943 2122; x_wconf 82' lang='lat' dir='ltr'>vulgo</span> <span class='ocrx_word' id='word_1_106' title='bbox 988 2025 1061 2102; x_wconf 87' lang='lat' dir='ltr'>fuit</span> <span class='ocrx_word' id='word_1_107' title='bbox 1098 2026 1258 2106; x_wconf 65' lang='lat' dir='ltr'>creditum·</span> 
     </span>
     <span class='ocr_line' id='line_1_18' title="bbox 239 2121 1255 2223; baseline -0.012 -19"><span class='ocrx_word' id='word_1_108' title='bbox 239 2131 316 2223; x_wconf 86' lang='lat' dir='ltr'>aliae</span> <span class='ocrx_word' id='word_1_109' title='bbox 355 2129 451 2202; x_wconf 90' lang='lat' dir='ltr'>enim</span> <span class='ocrx_word' id='word_1_110' title='bbox 504 2141 595 2221; x_wconf 83' lang='lat' dir='ltr'>aptae</span> <span class='ocrx_word' id='word_1_111' title='bbox 642 2125 723 2198; x_wconf 91' lang='lat' dir='ltr'>sunt</span> <span class='ocrx_word' id='word_1_112' title='bbox 771 2123 906 2220; x_wconf 89' lang='lat' dir='ltr'>Equis,</span> <span class='ocrx_word' id='word_1_113' title='bbox 953 2123 1030 2206; x_wconf 79' lang='lat' dir='ltr'>aiiae</span> <span class='ocrx_word' id='word_1_114' title='bbox 1064 2127 1192 2200; x_wconf 82' lang='lat' dir='ltr'>Vaccis</span> <span class='ocrx_word' id='word_1_115' title='bbox 1217 2121 1255 2192; x_wconf 79' lang='lat' dir='ltr'>bt</span> 
     </span>
     <span class='ocr_line' id='line_1_19' title="bbox 235 2222 1259 2322; baseline -0.008 -19"><span class='ocrx_word' id='word_1_116' title='bbox 235 2225 366 2322; x_wconf 87' lang='lat' dir='ltr'>EQUI</span> <span class='ocrx_word' id='word_1_117' title='bbox 413 2226 525 2320; x_wconf 85' lang='lat' dir='ltr'>magis</span> <span class='ocrx_word' id='word_1_118' title='bbox 568 2224 730 2319; x_wconf 86' lang='lat' dir='ltr'>eligunt,</span> <span class='ocrx_word' id='word_1_119' title='bbox 778 2243 883 2315; x_wconf 90' lang='lat' dir='ltr'>quarn</span> <span class='ocrx_word' id='word_1_120' title='bbox 921 2237 1045 2298; x_wconf 89' lang='lat' dir='ltr'>cetera</span> <span class='ocrx_word' id='word_1_121' title='bbox 1084 2222 1199 2298; x_wconf 87' lang='lat' dir='ltr'>nostra</span> <span class='ocrx_word' id='word_1_122' title='bbox 1222 2235 1259 2310; x_wconf 81' lang='lat' dir='ltr'>pt·</span> 
     </span>
     <span class='ocr_line' id='line_1_20' title="bbox 239 2315 1263 2417; baseline -0.015 -15"><span class='ocrx_word' id='word_1_123' title='bbox 239 2348 348 2410; x_wconf 89' lang='lat' dir='ltr'>cora;</span> <span class='ocrx_word' id='word_1_124' title='bbox 385 2323 577 2417; x_wconf 83' lang='lat' dir='ltr'>presertim</span> <span class='ocrx_word' id='word_1_125' title='bbox 606 2322 735 2413; x_wconf 81' lang='lat' dir='ltr'>plantae</span> <span class='ocrx_word' id='word_1_126' title='bbox 765 2342 811 2393; x_wconf 82' lang='lat' dir='ltr'>ex</span> <span class='ocrx_word' id='word_1_127' title='bbox 835 2315 1123 2415; x_wconf 84' lang='lat' dir='ltr'>Tetredynamia</span> <span class='ocrx_word' id='word_1_128' title='bbox 1152 2318 1263 2394; x_wconf 81' lang='lat' dir='ltr'>minine</span> 
     </span>
     <span class='ocr_line' id='line_1_21' title="bbox 239 2415 1265 2518; baseline -0.015 -22"><span class='ocrx_word' id='word_1_129' title='bbox 239 2423 323 2518; x_wconf 84' lang='lat' dir='ltr'>ipsis</span> <span class='ocrx_word' id='word_1_130' title='bbox 353 2422 503 2516; x_wconf 87' lang='lat' dir='ltr'>sapiunt.</span> <span class='ocrx_word' id='word_1_131' title='bbox 558 2415 736 2493; x_wconf 84' lang='lat' dir='ltr'>CAPRAE</span> <span class='ocrx_word' id='word_1_132' title='bbox 778 2417 963 2492; x_wconf 89' lang='lat' dir='ltr'>devorant</span> <span class='ocrx_word' id='word_1_133' title='bbox 1003 2419 1149 2512; x_wconf 82' lang='lat' dir='ltr'>quidem</span> <span class='ocrx_word' id='word_1_134' title='bbox 1178 2420 1265 2514; x_wconf 81' lang='lat' dir='ltr'>pluet</span> 
     </span>
     <span class='ocr_line' id='line_1_22' title="bbox 239 2515 1266 2611; baseline -0.013 -15"><span class='ocrx_word' id='word_1_135' title='bbox 239 2523 369 2596; x_wconf 87' lang='lat' dir='ltr'>herbas</span> <span class='ocrx_word' id='word_1_136' title='bbox 410 2541 515 2611; x_wconf 91' lang='lat' dir='ltr'>quarn</span> <span class='ocrx_word' id='word_1_137' title='bbox 560 2517 724 2610; x_wconf 87' lang='lat' dir='ltr'>reliqua,</span> <span class='ocrx_word' id='word_1_138' title='bbox 774 2515 833 2590; x_wconf 90' lang='lat' dir='ltr'>sed</span> <span class='ocrx_word' id='word_1_139' title='bbox 879 2515 1035 2592; x_wconf 82' lang='lat' dir='ltr'>maxime</span> <span class='ocrx_word' id='word_1_140' title='bbox 1078 2517 1266 2592; x_wconf 83' lang='lat' dir='ltr'>summitates</span> 
     </span>
     <span class='ocr_line' id='line_1_23' title="bbox 236 2613 1269 2708; baseline -0.014 -14"><span class='ocrx_word' id='word_1_141' title='bbox 236 2620 444 2695; x_wconf 84' lang='lat' dir='ltr'>Plentsrum</span> <span class='ocrx_word' id='word_1_142' title='bbox 482 2616 517 2688; x_wconf 79' lang='lat' dir='ltr'>u</span> <span class='ocrx_word' id='word_1_143' title='bbox 560 2613 673 2690; x_wconf 88' lang='lat' dir='ltr'>flores</span> <span class='ocrx_word' id='word_1_144' title='bbox 712 2613 902 2708; x_wconf 89' lang='lat' dir='ltr'>adpetunt.</span> <span class='ocrx_word' id='word_1_145' title='bbox 981 2615 1115 2689; x_wconf 86' lang='lat' dir='ltr'>OVES</span> <span class='ocrx_word' id='word_1_146' title='bbox 1168 2621 1269 2688; x_wconf 84' lang='lat' dir='ltr'>contu</span> 
     </span>
     <span class='ocr_line' id='line_1_24' title="bbox 239 2712 1269 2804; baseline -0.015 -13"><span class='ocrx_word' id='word_1_147' title='bbox 239 2716 421 2791; x_wconf 88' lang='lat' dir='ltr'>omittunt</span> <span class='ocrx_word' id='word_1_148' title='bbox 464 2715 575 2789; x_wconf 90' lang='lat' dir='ltr'>flores</span> <span class='ocrx_word' id='word_1_149' title='bbox 614 2713 649 2786; x_wconf 81' lang='lat' dir='ltr'>u</span> <span class='ocrx_word' id='word_1_150' title='bbox 680 2713 771 2804; x_wconf 88' lang='lat' dir='ltr'>folia</span> <span class='ocrx_word' id='word_1_151' title='bbox 812 2712 1034 2801; x_wconf 87' lang='lat' dir='ltr'>comedunt;</span> <span class='ocrx_word' id='word_1_152' title='bbox 1081 2731 1125 2788; x_wconf 86' lang='lat' dir='ltr'>ut</span> <span class='ocrx_word' id='word_1_153' title='bbox 1158 2721 1269 2787; x_wconf 83' lang='lat' dir='ltr'>taceam</span> 
     </span>
     <span class='ocr_line' id='line_1_25' title="bbox 238 2811 1271 2907; baseline -0.012 -18"><span class='ocrx_word' id='word_1_154' title='bbox 238 2814 410 2907; x_wconf 88' lang='lat' dir='ltr'>disparem</span> <span class='ocrx_word' id='word_1_155' title='bbox 456 2813 494 2886; x_wconf 89' lang='lat' dir='ltr'>in</span> <span class='ocrx_word' id='word_1_156' title='bbox 542 2811 718 2886; x_wconf 87' lang='lat' dir='ltr'>creaturis</span> <span class='ocrx_word' id='word_1_157' title='bbox 761 2811 946 2902; x_wconf 87' lang='lat' dir='ltr'>indolem,</span> <span class='ocrx_word' id='word_1_158' title='bbox 998 2832 1117 2906; x_wconf 88' lang='lat' dir='ltr'>prope</span> <span class='ocrx_word' id='word_1_159' title='bbox 1165 2819 1271 2884; x_wconf 80' lang='lat' dir='ltr'>terren</span> 
     </span>
     <span class='ocr_line' id='line_1_26' title="bbox 237 2903 1270 3006; baseline -0.002 -18"><span class='ocrx_word' id='word_1_160' title='bbox 237 2913 368 2988; x_wconf 89' lang='lat' dir='ltr'>herbas</span> <span class='ocrx_word' id='word_1_161' title='bbox 400 2910 632 3004; x_wconf 88' lang='lat' dir='ltr'>decerpendi.</span> <span class='ocrx_word' id='word_1_162' title='bbox 683 2906 880 3006; x_wconf 75' lang='lat' dir='ltr'>Agricola,</span> <span class='ocrx_word' id='word_1_163' title='bbox 910 2909 970 3002; x_wconf 92' lang='lat' dir='ltr'>qui</span> <span class='ocrx_word' id='word_1_164' title='bbox 1004 2910 1082 2983; x_wconf 87' lang='lat' dir='ltr'>haec</span> <span class='ocrx_word' id='word_1_165' title='bbox 1109 2903 1270 3002; x_wconf 73' lang='lat' dir='ltr'>intelligit</span> 
     </span>
     <span class='ocr_line' id='line_1_27' title="bbox 237 2995 1274 3100; baseline -0.007 -14"><span class='ocrx_word' id='word_1_166' title='bbox 237 3010 275 3086; x_wconf 86' lang='lat' dir='ltr'>u</span> <span class='ocrx_word' id='word_1_167' title='bbox 302 3011 411 3084; x_wconf 90' lang='lat' dir='ltr'>novit</span> <span class='ocrx_word' id='word_1_168' title='bbox 436 3009 630 3085; x_wconf 88' lang='lat' dir='ltr'>secundum</span> <span class='ocrx_word' id='word_1_169' title='bbox 660 3027 702 3079; x_wconf 88' lang='lat' dir='ltr'>ea</span> <span class='ocrx_word' id='word_1_170' title='bbox 733 3021 865 3080; x_wconf 87' lang='lat' dir='ltr'>terram</span> <span class='ocrx_word' id='word_1_171' title='bbox 892 3005 988 3084; x_wconf 90' lang='lat' dir='ltr'>suam</span> <span class='ocrx_word' id='word_1_172' title='bbox 1016 3007 1224 3100; x_wconf 86' lang='lat' dir='ltr'>disponere,</span> <span class='ocrx_word' id='word_1_173' title='bbox 1250 2995 1274 3070; x_wconf 68' lang='lat' dir='ltr'>d</span> 
     </span>
     <span class='ocr_line' id='line_1_28' title="bbox 237 3102 1273 3202; baseline -0.013 -18"><span class='ocrx_word' id='word_1_174' title='bbox 237 3107 435 3202; x_wconf 86' lang='lat' dir='ltr'>quamlibet</span> <span class='ocrx_word' id='word_1_175' title='bbox 481 3105 660 3202; x_wconf 83' lang='lat' dir='ltr'>pecudum</span> <span class='ocrx_word' id='word_1_176' title='bbox 715 3104 868 3197; x_wconf 90' lang='lat' dir='ltr'>speciem</span> <span class='ocrx_word' id='word_1_177' title='bbox 923 3103 1105 3198; x_wconf 86' lang='lat' dir='ltr'>aptissimis</span> <span class='ocrx_word' id='word_1_178' title='bbox 1159 3102 1273 3200; x_wconf 82' lang='lat' dir='ltr'>pascere</span> 
     </span>
     <span class='ocr_line' id='line_1_29' title="bbox 187 3200 1274 3302; baseline -0.015 -18"><span class='ocrx_word' id='word_1_179' title='bbox 187 3253 194 3266; x_wconf 94' lang='lat'>·</span> <span class='ocrx_word' id='word_1_180' title='bbox 235 3207 383 3295; x_wconf 86' lang='lat' dir='ltr'>herbis,</span> <span class='ocrx_word' id='word_1_181' title='bbox 421 3201 617 3282; x_wconf 81' lang='lat' dir='ltr'>necessario</span> <span class='ocrx_word' id='word_1_182' title='bbox 659 3202 807 3277; x_wconf 90' lang='lat' dir='ltr'>habebit</span> <span class='ocrx_word' id='word_1_183' title='bbox 846 3200 987 3276; x_wconf 85' lang='lat' dir='ltr'>saniora</span> <span class='ocrx_word' id='word_1_184' title='bbox 1028 3205 1063 3277; x_wconf 84' lang='lat' dir='ltr'>dc</span> <span class='ocrx_word' id='word_1_185' title='bbox 1107 3201 1274 3302; x_wconf 82' lang='lat' dir='ltr'>pinguiora</span> 
     </span>
     <span class='ocr_line' id='line_1_30' title="bbox 234 3297 1275 3401; baseline -0.012 -23"><span class='ocrx_word' id='word_1_186' title='bbox 234 3327 393 3401; x_wconf 85' lang='lat' dir='ltr'>pecore,</span> <span class='ocrx_word' id='word_1_187' title='bbox 421 3325 525 3396; x_wconf 90' lang='lat' dir='ltr'>quam</span> <span class='ocrx_word' id='word_1_188' title='bbox 550 3302 632 3391; x_wconf 87' lang='lat' dir='ltr'>aiii,</span> <span class='ocrx_word' id='word_1_189' title='bbox 665 3301 720 3374; x_wconf 92' lang='lat' dir='ltr'>his</span> <span class='ocrx_word' id='word_1_190' title='bbox 750 3299 935 3396; x_wconf 88' lang='lat' dir='ltr'>principiis</span> <span class='ocrx_word' id='word_1_191' title='bbox 962 3299 1142 3378; x_wconf 88' lang='lat' dir='ltr'>destituti.</span> <span class='ocrx_word' id='word_1_192' title='bbox 1195 3297 1275 3374; x_wconf 88' lang='lat' dir='ltr'>Iden</span> 
     </span>
     <span class='ocr_line' id='line_1_31' title="bbox 160 3395 1275 3478; baseline -0.013 0"><span class='ocrx_word' id='word_1_193' title='bbox 160 3407 164 3414; x_wconf 86' lang='lat'>&#39;</span> <span class='ocrx_word' id='word_1_194' title='bbox 235 3403 281 3478; x_wconf 88' lang='lat' dir='ltr'>de</span> <span class='ocrx_word' id='word_1_195' title='bbox 309 3403 371 3477; x_wconf 88' lang='lat' dir='ltr'>sno</span> <span class='ocrx_word' id='word_1_196' title='bbox 404 3403 504 3476; x_wconf 86' lang='lat' dir='ltr'>soeno</span> <span class='ocrx_word' id='word_1_197' title='bbox 530 3401 650 3475; x_wconf 90' lang='lat' dir='ltr'>bonus</span> <span class='ocrx_word' id='word_1_198' title='bbox 676 3397 886 3472; x_wconf 85' lang='lat' dir='ltr'>observabit</span> <span class='ocrx_word' id='word_1_199' title='bbox 907 3397 1161 3476; x_wconf 90' lang='lat' dir='ltr'>Oeconomus.</span> <span class='ocrx_word' id='word_1_200' title='bbox 1199 3395 1275 3470; x_wconf 87' lang='lat' dir='ltr'>Nan</span> 
     </span>
     <span class='ocr_line' id='line_1_32' title="bbox 236 3486 1275 3594; baseline -0.012 -18"><span class='ocrx_word' id='word_1_201' title='bbox 236 3501 303 3576; x_wconf 86' lang='lat' dir='ltr'>etsr</span> <span class='ocrx_word' id='word_1_202' title='bbox 336 3501 458 3574; x_wconf 86' lang='lat' dir='ltr'>multae</span> <span class='ocrx_word' id='word_1_203' title='bbox 494 3501 614 3573; x_wconf 86' lang='lat' dir='ltr'>herbae</span> <span class='ocrx_word' id='word_1_204' title='bbox 647 3495 888 3572; x_wconf 87' lang='lat' dir='ltr'>comedantur</span> <span class='ocrx_word' id='word_1_205' title='bbox 920 3497 1103 3592; x_wconf 74' lang='lat' dir='ltr'>arefasiae,</span> <span class='ocrx_word' id='word_1_206' title='bbox 1137 3517 1212 3594; x_wconf 83' lang='lat' dir='ltr'>qne</span> <span class='ocrx_word' id='word_1_207' title='bbox 1236 3486 1275 3564; x_wconf 84' lang='lat' dir='ltr'>vi·</span> 
     </span>
     <span class='ocr_line' id='line_1_33' title="bbox 235 3593 1274 3692; baseline -0.008 -18"><span class='ocrx_word' id='word_1_208' title='bbox 235 3612 362 3674; x_wconf 89' lang='lat' dir='ltr'>rentes</span> <span class='ocrx_word' id='word_1_209' title='bbox 409 3596 647 3692; x_wconf 90' lang='lat' dir='ltr'>respuuntur,</span> <span class='ocrx_word' id='word_1_210' title='bbox 700 3595 784 3670; x_wconf 89' lang='lat' dir='ltr'>inde</span> <span class='ocrx_word' id='word_1_211' title='bbox 828 3608 952 3670; x_wconf 86' lang='lat' dir='ltr'>temen</span> <span class='ocrx_word' id='word_1_212' title='bbox 997 3617 1075 3673; x_wconf 89' lang='lat' dir='ltr'>non</span> <span class='ocrx_word' id='word_1_213' title='bbox 1117 3593 1274 3692; x_wconf 85' lang='lat' dir='ltr'>sequitu,</span> 
     </span>
     <span class='ocr_line' id='line_1_34' title="bbox 237 3691 995 3794; baseline 0.001 -20"><span class='ocrx_word' id='word_1_214' title='bbox 237 3697 336 3794; x_wconf 89' lang='lat' dir='ltr'>quod</span> <span class='ocrx_word' id='word_1_215' title='bbox 364 3696 442 3794; x_wconf 87' lang='lat' dir='ltr'>pari</span> <span class='ocrx_word' id='word_1_216' title='bbox 477 3693 707 3775; x_wconf 86' lang='lat' dir='ltr'>nutrimento</span> <span class='ocrx_word' id='word_1_217' title='bbox 740 3691 995 3775; x_wconf 86' lang='lat' dir='ltr'>sustententur.</span> 
     </span>
    </p>
   </div>
   <div class='ocr_carea' id='block_1_5' title="bbox 1172 3907 1271 3990">
    <p class='ocr_par' dir='ltr' id='par_1_5' title="bbox 1172 3907 1271 3990">
     <span class='ocr_line' id='line_1_35' title="bbox 1172 3907 1271 3990; baseline -0.131 1"><span class='ocrx_word' id='word_1_218' title='bbox 1172 3907 1271 3990; x_wconf 80' lang='lat' dir='ltr'>Multa</span> 
     </span>
    </p>
   </div>
   <div class='ocr_carea' id='block_1_6' title="bbox 0 0 1306 4788">
    <p class='ocr_par' dir='ltr' id='par_1_6' title="bbox 0 0 1306 4788">
     <span class='ocr_line' id='line_1_36' title="bbox 0 0 1306 4788; baseline 0 0"><span class='ocrx_word' id='word_1_219' title='bbox 0 0 1306 4788; x_wconf 95' lang='lat' dir='ltr'> </span> 
     </span>
    </p>
   </div>
  </div>
 </body>
</html>
