2628 4798
272 274 345 376 2⁶⁸
439 267 604 349 saron
627 263 1158 347 rmorcnuauronuu

275 456 395 530 otium
431 451 609 524 fecerunt.
682 449 765 522 Nec
804 452 989 546 permittit
1028 447 1283 540 materiem?

270 553 543 628 Dillcrtationis
584 548 777 630 traftatio,
820 566 861 622 ut
895 549 1056 640 quedam
1088 549 1130 619 de
1157 549 1243 638 corpr'r
1282 545 1283 548 ’

271 649 439 734 humani,
467 644 734 717 artificiosillimi
754 646 877 720 summi
893 647 1197 737 Numinisoperir,
1211 663 1246 716 tn
1286 693 1287 700 κ

271 749 465 824 structione
489 765 529 814 ac
559 743 805 816 mechanismo
834 747 1016 832 adferam
1058 767 1137 818 cum
1164 743 1255 835 priora

275 847 320 922 ab
349 843 567 928 Anatomia,
602 841 837 932 posteriorem
864 865 956 916 vero
982 865 1056 920 una
1083 837 1260 933 contegito
1285 882 1287 908 r

273 945 351 1038 ejus
381 943 683 1026 microcolmrcis‚
711 939 903 1013 secundum
930 963 1017 1032 quas
1039 937 1264 1013 funilioncrltu

269 1046 329 1138 ior
358 1039 529 1111 maclrioae
559 1035 673 1124 siunt,
717 1059 762 1109 ex
793 1039 1022 1132 Plryliologia
1057 1037 1203 1130 cognitu
1223 1030 1266 1122 lup-

272 1159 419 1236 ponam.
445 1133 578 1208 Clarili.
604 1135 652 1208 D.
679 1134 893 1224 PRAESES,
927 1137 985 1207 cui
1012 1137 1171 1208 facillima
1185 1149 1288 1216 acur-¹

272 1238 369 1314 xime
390 1234 559 1304 naturalis
584 1234 800 1320 methodus,
830 1249 963 1324 utpote
990 1233 1151 1307 omnium
1168 1227 1288 1320 oplilllt'·

273 1335 312 1410 in
345 1333 535 1418 disciplinis
570 1331 718 1402 medicis
751 1331 888 1423 semper
915 1333 1075 1422 placuit,
1118 1321 1289 1402 odorari*

274 1436 351 1526 ejus
375 1432 576 1519 exemplum
606 1429 773 1499 omnibus
801 1431 879 1501 aliis
908 1432 1091 1522 placeret!
1118 1427 1152 1500 in
1174 1425 1271 1498 llrln't

273 1534 331 1608 sua
357 1532 484 1602 Medica
505 1529 598 1596 vires
618 1528 966 1600 medicamentorum
989 1522 1211 1619 simplicillima
1226 1537 1270 1590 or·

273 1631 393 1703 thodo
422 1624 619 1714 exposuit,
641 1625 818 1697 terminos
847 1627 891 1696 de
919 1624 1064 1718 aulone
1090 1622 1268 1697 medicant-

273 1743 396 1802 torum
427 1725 554 1793 clarius
577 1723 771 1809 explicuit,
796 1744 838 1795 ac
858 1721 1060 1815 superfluos
1085 1715 1289 1798 excludenda*

188 1883 190 1891 ,
273 1823 561 1909 necellariosque
591 1817 822 1900 definiendo,
860 1842 951 1912 opus
985 1819 1129 1894 summis
1159 1809 1269 1888 nodilo

274 1924 421 2016 dignum
453 1939 493 1988 ac
518 1917 732 1988 utilillrmum
761 1940 848 1988 vere
882 1919 1065 1991 condidit.
1128 1915 1205 1990 Huic
1224 1927 1290 1993 nai

273 2023 393 2094 thodo
433 2013 588 2087 insistere
625 2021 733 2085 hacce
772 2018 890 2106 opella
921 2017 1079 2107 placuit,
1116 2001 1266 2104 explicuit

272 2119 444 2198 modum,
473 2134 544 2202 quo
573 2133 748 2203 corpora,
784 2136 860 2204 quae
887 2115 1213 2187 medicamentorum
1226 2121 1264 2172 ul·

273 2220 371 2293 mine
390 2212 565 2292 veniunt,
592 2210 627 2281 in
647 2231 778 2297 corpus
803 2215 995 2284 humanum
1023 2226 1148 2304 agant,
1175 2215 1259 2304 qual!

273 2312 432 2390 mutatio
462 2306 685 2379 funftionum
712 2325 950 2399 motuumque
975 2331 1019 2382 ex
1045 2308 1139 2383 hisce
1152 2311 1261 2402 ¹corpul-

272 2415 340 2486 bus
366 2407 550 2500 applicatis
579 2405 739 2494 oriatur,
773 2428 844 2496 quo
873 2409 1002 2496 cuique
1027 2405 1182 2486 constet,
1207 2397 1266 2498 lrgtl

274 2511 338 2586 lias
369 2509 418 2578 ita
449 2505 614 2576 fundatas
646 2501 739 2592 elle,
779 2518 819 2577 ut
847 2504 893 2576 de
923 2526 1045 2579 earum
1079 2503 1267 2576 veritatem

275 2604 430 2682 dubitari
457 2598 572 2694 pollrt.

359 2807 391 2892 ς.
414 2796 477 2872 lll.
535 2794 679 2888 Corpus
693 2794 888 2872 humanum
910 2797 1031 2870 solidis
1048 2819 1090 2870 ac
1104 2790 1268 2870 fluidisrol·

272 2903 392 2978 fiatur.
462 2895 593 2966 Solidis
624 2895 902 2966 adnumerantur
931 2895 1029 2968 libre
1062 2893 1266 2991 musculrrttll

271 3019 419 3080 nouae,
446 3012 550 3083 atque
576 3013 620 3062 ex
649 2992 702 3062 his
731 2992 930 3065 constructa
951 3015 1107 3086 organa,
1134 2982 1267 3064 fontiu-

275 3099 342 3174 lrus
377 3093 539 3180 corporis
572 3087 814 3164 inservientia.
877 3091 935 3163 Ad
966 3093 1076 3164 fluida
1107 3107 1191 3161 vero
1214 3073 1265 3179 rel·

273 3209 403 3271 runtur
427 3202 603 3261 contenta
629 3189 778 3276 tinorum
799 3187 832 3259 dr
857 3194 927 3262 tubi
953 3194 1154 3276 intelllnalir.
1197 3171 1261 3252 licl-

276 3303 443 3366 camenta
466 3287 586 3374 itaque
605 3285 665 3354 rnl
681 3285 716 3355 in
742 3283 846 3358 fibras
870 3287 1082 3360 musculares
1107 3286 1266 3358 ἂηετνΰῆ

276 3392 337 3462 uel
370 3389 407 3458 in
437 3383 545 3456 liuida
574 3395 701 3474 agunt:
741 3381 839 3456 fibris
869 3383 1120 3457 muscularibus
1149 3378 1267 3467 majoltll

275 3488 339 3558 vel
367 3484 544 3555 minorem
572 3480 826 3553 adunationem
853 3481 1076 3554 minimarum
1102 3497 1206 3554 eamn
1224 3481 1269 3558 pu·

279 3581 369 3656 tium
404 3578 656 3664 conciliando,
691 3579 882 3651 fluidorum
910 3601 1001 3650 vero
1030 3581 1089 3651 vel
1115 3575 1269 3671 qualintrn

279 3681 317 3754 in
336 3679 445 3750 erasm
463 3697 503 3746 ac
525 3675 755 3747 acrimoniam
785 3677 1067 3770 degenerantem
1095 3659 1270 3764 corrigendo,

279 3779 342 3850 vel
362 3773 598 3868 quantitatem
618 3793 743 3848 eorum
767 3780 910 3848 noxiam
930 3797 972 3846 ex
990 3796 1142 3868 corpore
1156 3787 1208 3864 per
1218 3775 1269 3830 cvl·

280 3896 386 3976 gruta
412 3871 490 3948 viar
514 3869 737 3947 evacuando.
800 3873 861 3948 Ad
885 3873 1127 3970 explicandam
1149 3863 1272 4037 atliffi
