2604 4788
390 187 717 272 SPLACHNUM.
1016 195 1086 291 279

58 353 223 458 nitida,
248 367 447 464 pellucida,
480 369 612 446 obtusa
634 393 716 446 cura
749 369 933 448 acumine:
971 371 1085 468 infirm
1136 343 1143 358 ’

58 470 273 563 quadruplo
289 468 451 559 minora3
476 471 598 546 omnia
612 469 798 562 patentia,
819 469 988 585 carinata.

11 605 407 684 PEDUNCULUS
435 609 513 684 iere
552 602 729 710 digitalis,
769 630 815 684 ex
852 629 964 689 aureo
1002 635 1084 710 pur·

69 702 283 874 purzicens,
328 706 372 781 ad
411 707 549 801 apicem
595 711 708 806 anagia
749 705 935 808 magiaque
969 713 1084 788 dilute

74 821 140 872 vara
169 823 213 878 aa.

17 937 110 1015 AN
114 943 305 1020 THERA
334 965 379 1022 ex
413 947 525 1022 rubro
559 947 678 1038 fusca,
718 947 943 1041 cylindrlca,
983 943 1085 1040 supri

62 1043 271 1134 operculo,
299 1042 392 1120 infra
410 1047 624 1120 umbraculo
645 1046 801 1134 donata;
824 1043 1001 1141 operculo
1021 1041 1082 1116 de'a

63 1138 245 1231 cidente,
268 1158 434 1218 remanet
458 1142 495 1217 in
524 1143 686 1240 margine
716 1141 889 1240 superiori
923 1139 1083 1216 antherae

64 1255 214 1312 corona
236 1243 538 1331 membranacea,
565 1257 672 1316 acute
701 1241 744 1316 ad
768 1241 866 1318 basan
894 1239 933 1314 ln
962 1241 1084 1334 piures

60 1335 235 1410 valvulaa
257 1335 420 1432 diffcile,
452 1361 529 1432 quae
548 1355 660 1434 prout
682 1339 926 1416 umbraculum
954 1336 989 1412 in
1009 1337 1083 1429 plat

66 1451 159 1508 nurn
189 1437 428 1529 expanditur,
466 1437 668 1512 deflectitur
698 1438 743 1512 ad
773 1439 867 1513 latua
901 1435 1083 1524 anthera,

72 1549 175 1620 quarn
203 1529 298 1608 artie
323 1534 458 1632 cingitt
482 1535 520 1612 in
545 1535 668 1622 rnedio
686 1535 902 1612 firmanitatia
922 1533 1081 1610 anthera

78 1628 296 1722 conspicitur
315 1653 466 1728 parvum
491 1655 624 1730 corpua
642 1635 875 1726 columnare,
903 1634 1005 1732 apice
1021 1651 1084 1708 ex·

70 1743 256 1802 anuum.

22 1869 379 1947 OPERCULUM
398 1891 573 1968 parvum,
606 1874 934 1974 hemisphericurn,
969 1873 1084 1951 ferru-

66 1967 239 2062 gineumr
266 1967 329 2044 sub
351 1989 425 2064 quo
455 1973 579 2066 pollen
602 1974 721 2050 viride
746 1975 971 2052 reconditur.

26 2105 433 2185 UMBRACULUM
488 2123 574 2186 ante
640 2111 895 2208 expansronem
964 2107 1082 2185 viride

65 2204 177 2301 (Fig.
203 2197 265 2296 1.)
297 2221 374 2282 tuna
409 2229 552 2302 qunque
590 2228 716 2306 margo
755 2211 831 2304 ejua
875 2207 1082 2304 pedunculo

68 2301 226 2377 omnino
257 2303 409 2380 adnatua
439 2297 491 2382 in'
508 2307 664 2382 formam
696 2308 1080 2384 turbinato-oratam

65 2399 167 2496 (Εἰς.
191 2391 272 2492 a.);
302 2399 425 2496 postea
460 2425 480 2478 a
514 2403 720 2500 pedunculo
746 2404 923 2496 solvitur,
948 2423 1082 2497 expan-

66 2499 171 2572 ditur
250 2501 297 2598 ig.
313 2523 349 2594 3.
369 2523 403 2592 4.
422 2495 504 2593 5.),
528 2499 657 2577 'donec
690 2503 923 2578 horizontale
950 2497 1083 2576 evadat

65 2596 150 2693 Fig.
172 2617 207 2690 7.
241 2648 257 2687 ,
287 2598 371 2673 duan
402 2601 510 2674 color
535 2601 721 2690 paullatim
743 2602 780 2678 in
810 2603 951 2677 luteum
979 2599 1082 2691 abit,
1220 2677 1227 2692 ,

66 2693 174 2792 supra
187 2695 465 2793 glaberrinaurn,
482 2697 574 2774 inira
594 2697 1008 2797 reticulato-rugosum.

347 2901 513 3000 (amaa
535 2905 612 3004 urg.
632 2905 662 2982 1.
689 2895 756 2998 o.)

25 3077 391 3256 Rasstenuiffiana,
433 3080 591 3177 iibroia,
632 3084 802 3181 iimpiex,
845 3080 1081 3182 perpendicu-

22 3319 137 3392 Caula'a
174 3274 335 3409 cicadam
369 3313 449 3392 iere
481 3335 565 3394 cum
594 3315 707 3393 Maria
739 3314 1002 3416 longitudinis,
1029 3316 1083 3396 in·

67 3429 196 3512 teger,
222 3413 386 3490 fallatur.
856 3458 861 3466 ·

21 3552 118 3628 Folia
143 3555 297 3652 suprurm
331 3573 352 3646 3
390 3551 451 3626 vel
483 3564 531 3644 4¹,
575 3553 803 3648 lanceolata,
843 3551 1084 3647 viridia,d1·

65 3650 220 3741 stantiae
250 3647 407 3744 inferiora
429 3647 593 3741 setacea,
634 3654 815 3748 prioribua
851 3654 974 3729 mrtlto
1004 3654 1084 3732 idn·

70 3751 199 3849 giora,
225 3745 347 3844 fusca,
371 3738 574 3826 numerosa.

548 3869 573 3946 S
598 3895 623 3965 4
982 3809 1086 3967 'Capu
