2560 4778
199 253 271 338 448
390 231 729 326 DE‘Ttttutu:
758 239 1074 320 HABITABILI.

241 515 245 522 λ
300 419 526 520 Hyoscyamus
549 424 660 497 habet
685 422 722 496 in
746 397 877 496 os'rario
901 424 1141 515 operculum,
1159 424 1230 514 uod

248 517 390 593 laxatur
407 521 710 608 horizontaliter,
737 519 922 624 postquam
943 523 1224 594 maturitatem-a-

250 617 406 690 dueront
447 617 601 707 semina3
646 617 703 691 sed
736 640 811 692 non
846 617 1048 707 decidunt,
1075 635 1231 710 anteum

248 729 448 789 ventorum
476 717 613 809 impetu
631 715 750 788 valide
776 715 955 808 quassetur
977 718 1131 806 planta,
1156 719 1236 790 dle·

247 814 346 888 mina
377 814 477 886 simul
507 813 638 908 poffint
672 816 744 886 late
771 814 920 905 projici:
951 815 1044 887 alias
1077 817 1170 888 enin
1197 815 1242 886 rel

171 917 172 920 ‘
251 911 539 1004 exsiccarentur,
576 915 635 986 vel
661 909 856 986 madesadia
881 911 919 985 in
940 910 1016 1004 ipsa
1041 913 1166 1006 planta
1185 935 1242 1008 ger·

250 1024 445 1085 manarent.
613 1027 615 1030 ·
783 1033 793 1058 ·

202 1132 263 1204 66.
292 1129 346 1201 Ut
369 1128 500 1204 semina
528 1125 657 1222 possint
681 1149 726 1202 ex
744 1127 895 1202 matrice
912 1124 972 1200 sua
989 1127 1030 1201 in
1048 1127 1190 1222 longam
1208 1127 1244 1200 di·

250 1226 415 1302 stantiam
450 1230 619 1316 avolare,
659 1227 759 1298 dedit
797 1227 947 1298 Numen
979 1227 1153 1319 plurimis
1178 1227 1241 1299 alus

252 1325 346 1417 quast
372 1325 406 1396 u
425 1342 567 1420 pappos,
591 1325 740 1416 quibus,
761 1323 946 1417 postquam
972 1339 1201 1412 maturuere,
1217 1345 1243 1395 u

250 1423 399 1496 sublime
432 1423 619 1512 feruntur,
647 1423 767 1513 &per
797 1441 899 1496 auras
923 1421 1076 1518 integra
1101 1421 1244 1516 quinqua·

252 1521 352 1616 ginta
378 1519 540 1593 milliaria
565 1520 653 1614 sepe
681 1519 918 1598 emetiuntur.
1036 1571 1041 1578 ·

203 1646 264 1737 ⁶7·
292 1642 334 1717 In
354 1642 431 1716 aliis
450 1641 636 1722 ordinavit
652 1642 789 1716 Divina
805 1641 1000 1734 sapientia,
1020 1655 1070 1716 ut
1092 1641 1245 1737 ipsaptri·

253 1743 371 1835 caspia
397 1740 529 1814 semina
543 1739 621 1831 sua,
635 1739 820 1834 postquam
839 1755 1068 1828 maturuere,
1082 1741 1242 1838 exspuunt,

252 1838 288 1912 u
305 1842 342 1912 in
364 1860 529 1935 magnam
550 1837 638 1934 saepe
657 1837 856 1912 distantiam
875 1837 1089 1930 projiciant.

305 1939 436 2010 Rutilia
453 1939 546 2011 coelo
567 1952 708 2010 tautum
727 1934 895 2029 pluvioso
910 1935 1047 2009 semina
1064 1959 1086 2010 a
1104 1935 1235 2027 seiunge

250 2035 446 2131 propellit,
483 2034 732 2110 conveniente
760 2034 830 2108 illis
859 2048 1056 2127 ternpore,
1091 2033 1241 2112 rae-nial·

251 2155 334 2218 rum,
355 2132 525 2206 arescant.

203 2255 264 2336 68.
294 2252 375 2326 Alia
399 2251 543 2326 Semina
566 2246 731 2324 instrufla
748 2247 827 2326 sunt
851 2249 994 2335 Hamis,
1023 2267 1109 2342 que
1130 2248 1173 2324 ad
1194 2269 1250 2322 nn·

252 2351 442 2425 turitatem
468 2345 636 2443 pertusa
658 2347 865 2440 relinquunt
892 2350 1016 2420 locum
1039 2348 1146 2422 suum
1168 2365 1251 2420 nata·

210 2447 347 2540 '‘lem,
385 2447 549 2522 animalia
592 2445 816 2520 transeuntia
856 2445 1116 2540 prehendunt,
1155 2445 1249 2518 &ab

250 2545 321 2620 illis
347 2545 390 2618 ad
413 2546 544 2619 cubilia
575 2564 702 2615 eorum
732 2543 994 2637 deportantur,
1023 2543 1126 2618 unde
1157 2546 1250 2636 plera

252 2665 323 2814 ‘fue
347 2643 478 2718 horum
493 2641 772 2737 vegetabilium
797 2643 984 2737 requirunt
1008 2640 1161 2716 humum
1178 2639 1247 2716 fino

268 2753 456 2814 aturatam.
549 2753 552 2758 ’

204 2863 264 2958 69.
290 2863 438 2937 Habent
472 2862 547 2936 alie
582 2865 724 2944 Baream
748 2861 809 2934 vel
840 2859 982 2935 succum
1010 2861 1250 2950 nutrientem,

252 2961 312 3055 qui
340 2959 418 3053 ipsa
438 2959 569 3033 semina
595 2959 731 3048 ambit,
764 2980 837 3052 quo
855 2955 1111 3054 deglutiantur
1130 2963 1175 3034 ab
1190 2963 1252 3034 avi·

129 3103 133 3110 ·
251 3061 320 3134 bus
344 3059 472 3132 &aliis
490 3055 754 3148 animantibus,
781 3077 858 3149 quae
873 3068 1049 3129 tenentur
1068 3059 1157 3132 vice
1178 3080 1252 3132 ner·

200 3167 212 3246 l·
253 3158 352 3232 cedis
386 3157 517 3231 semina
549 3171 655 3230 terre
688 3154 869 3231 mandare.
923 3151 1012 3226 Hac
1038 3157 1142 3230 enim
1166 3159 1188 3231 fi
1212 3159 1252 3228 in·

252 3268 354 3350 tegra
379 3255 479 3328 fuere
500 3251 685 3327 stomacho
711 3253 859 3348 ingesta,
879 3250 983 3324 illaesa
996 3269 1163 3348 exeunt,
1181 3275 1249 3350 pra·

253 3365 416 3444 terquam
442 3351 480 3425 in
503 3349 734 3424 Gallinaceis.

302 3451 479 3523 Videmus
511 3451 641 3522 molles
672 3449 760 3522 licet
793 3447 917 3520 acinos
947 3447 1072 3521 Ridens
1100 3448 1250 3542 integrm

254 3543 455 3642 deglutitos
478 3547 645 3637 anobis,
673 3547 837 3642 integros
858 3545 1001 3640 egredi:
1031 3547 1169 3620 eodem
1189 3565 1251 3620 no-

255 3644 329 3814 dob,
357 3665 429 3736 quo
450 3646 589 3739 Vulpes
618 3661 793 3718 autumno
820 3644 936 3738 egerit
960 3644 1114 3718 Vaccinii
1139 3649 1245 3718 baccas

255 3763 299 3816 ru
325 3763 393 3814 ras.

308 3841 397 3913 Ruri
437 3839 480 3914 ad
506 3840 585 3912 vias
614 3839 796 3934 publicas,
833 3838 895 3911 ubi
927 3839 1104 3932 templum
1144 3829 1249 3934 egrelfi

257 3938 372 4034 Bajuli
394 3950 597 4015 exonerant
621 3951 812 4030 ventrem,
840 3957 887 4012 ex
909 3957 987 4014 uon
1005 3933 1091 4014 latis
1108 3937 1249 4038 mastica

1217 4049 1249 4103 ns
