2704 4790
475 30 484 80 l

298 258 620 340 oeconoma
652 257 902 344 uuonan.
1077 291 1130 362 ,5

142 443 351 523 luminas
381 457 549 538 tempore
586 441 808 534 autumnali,
841 446 1129 542 appropinquan.

65 553 111 619 te
135 543 292 638 frigore,
328 542 489 617 &famul
515 539 815 616 evanescentibus
843 539 988 618 Insania
1015 547 1051 620 oa
1077 549 1126 623 el.

68 643 148 731 ho,
188 640 318 733 asylum
353 641 486 714 contra
523 639 670 735 frigoris
706 640 975 716 vehementiam
1006 644 1043 720 in
1074 648 1125 722 la·

70 759 179 814 auum
202 737 339 830 fundo,
362 740 459 811 inter
487 737 694 812 Arundines
720 737 919 831 &scirpos
944 757 1122 837 querunt,

72 837 167 912 unde
197 857 316 910 verno
347 849 538 930 tempore,
569 833 660 910 niira
691 850 830 912 naturae
864 835 1121 938 dispositione,

64 936 201 1008 iterum
232 946 459 1029 emergunn
506 932 687 1007 Omnibus
725 933 805 1022 his,
843 933 926 1008 dum
958 935 1124 1029 jejunare

62 1046 273 1128 coguntur,
298 1029 407 1106 cellat
431 1029 683 1105 intestinorum
709 1031 945 1126 peristalticus
973 1053 1121 1131 motus,

60 1151 175 1224 quare
207 1129 389 1222 adpetitus
418 1127 613 1218 minuitur,
640 1123 803 1222 adeoque
824 1127 928 1204 famis
949 1131 1122 1214 sevitiam

59 1228 183 1302 minus
221 1225 393 1302 sentiunt.
465 1223 548 1301 Huc
581 1226 691 1320 etjam
728 1225 861 1320 speiiat
897 1227 1121 1310 laudatillimi

50 1327 192 1417 testeo
223 1325 271 1398 de
293 1323 404 1422 hisce,
422 1325 636 1400 animalibus
665 1323 899 1415 observatio,
927 1327 1024 1420 quod
1056 1351 1121 1406 eo.

57 1443 144 1497 rum
171 1421 334 1518 sanguis,
367 1421 403 1496 in
430 1423 598 1517 patellam
622 1421 791 1511 edutlus,
818 1443 894 1502 non
926 1439 1038 1518 prout
1064 1449 1120 1504 re·

65 1521 243 1614 liquorum
272 1521 478 1595 animalium
509 1521 744 1616 coagulatus,
776 1523 944 1617 adeoque
979 1523 1117 1612 circula

62 1618 347 1716 redintegrando
375 1617 492 1694 nihilo
518 1618 636 1694 minus
664 1619 708 1694 fit
733 1631 852 1714 aptus.

144 1837 320 1912 Terraenes
346 1833 408 1909 sub
437 1836 518 1931 iplls
545 1835 691 1912 nivibus
715 1837 916 1914 ambulacra
940 1839 1004 1915 srbi
1028 1841 1116 1942 sapa

56 1935 284 2021 efformant3
302 1947 339 2007 at
355 1955 493 2028 pennas
510 1935 631 2010 estate
651 1936 854 2030 deponunt,
874 1952 1116 2035 utnequeant

55 2035 222 2110 volitare
236 2033 332 2108 circa
347 2031 503 2109 mensem
518 2029 741 2129 Augustum,
759 2034 923 2128 adeoque
940 2037 976 2111 ἀ
993 2058 1117 2116 curte·

52 2155 96 2208 re
149 2143 333 2226 coguntur
371 2151 436 2222 per
475 2131 613 2224 sylvas3
657 2128 716 2205 sed
757 2146 833 2207 tum
870 2147 1009 2212 matura
1034 2139 1115 2214 sunt

52 2227 238 2305 Vaccinia
264 2225 464 2323 insylvis,
494 2229 592 2304 unde
623 2227 809 2325 copiosum
842 2231 886 2306 iis
914 2235 1116 2313 nutrimen·
1214 2298 1218 2307 .

52 2342 138 2404 tum
164 2349 185 2400 a
208 2339 337 2402 natura
363 2327 535 2422 largitum
573 2327 661 2421 pulli
694 2342 816 2403 autem
850 2330 965 2425 prima
992 2332 1113 2412 estate

51 2429 175 2503 nullas
211 2443 347 2520 pennas
381 2423 593 2520 deponant,
633 2425 796 2522 adeoque
825 2424 927 2504 cursu
962 2430 1116 2516 inferio·-

50 2546 138 2618 res‚
164 2521 325 2620 pericula
353 2522 494 2598 evitare
524 2522 681 2639 poliunt.
764 2569 777 2596 s
1097 2547 1101 2556 ·

126 2742 228 2820 Auos
253 2738 396 2835 reliquae
420 2717 665 2828 infestivorae,
699 2737 893 2834 quotannis
925 2738 1113 2838 migratio·

50 2865 121 2922 nes
150 2861 264 2934 usque
293 2839 337 2912 ad
363 2849 507 2912 exteras
534 2837 703 2932 regiones
736 2825 949 2930 suscipiunt,
980 2853 1024 2914 ut
1050 2842 1111 2918 sub

55 2937 197 3018 mitiori
228 2937 345 3026 coelo,
373 2935 460 3007 uita
490 2933 787 3010 sustentationem
815 2947 1000 3029 querant,
1027 2937 1113 3020 dum

54 3052 139 3114 tota
165 3035 323 3109 borealis
353 3047 472 3120 terra,
511 3033 574 3106 ubi
606 3031 727 3108 astate
759 3031 919 3127 iucunde
952 3033 1112 3133 degunt,

53 3135 169 3237 glacie
199 3132 235 3206 he
263 3131 351 3208 nive
379 3129 530 3228 tegitur.
1090 3139 1095 3144 ·
1173 3153 1176 3162 ·

128 3351 272 3450 Inscita,
310 3345 464 3422 'hiemali
497 3358 687 3440 tempore,
728 3340 825 3419 intra
862 3339 1111 3438 puppas'suaa

55 3449 174 3548 ispius
207 3445 415 3520 latitant&
446 3466 492 3518 ex
520 3439 808 3518 circumastante
837 3439 1008 3536 lympha,
1046 3463 1111 3530 ue·

50 3549 120 3624 luti
154 3545 269 3622 loetus
299 3565 345 3618 ex
372 3541 512 3634 liquore
537 3537 958 3632 amnii,ll1llentantur,
990 3539 1111 3632 unde,

49 3668 139 3720 vere
173 3641 508 3736 appropinquante,
555 3637 594 3716 in
630 3635 797 3718 omnium
831 3635 1116 3726 admirationem

50 3740 328 3843 expergiscunt,
363 3738 528 3814 evolant.
578 3801 580 3806 .
672 3793 675 3802 .
1080 3727 1094 3762 ”⁴

1021 3921 1125 4022 Nea,
