2604 4788
233 219 309 292 230
594 198 701 278 PAN
733 197 938 278 structis.

236 389 364 468 allicit.
430 387 653 472 BETULAE
686 421 781 472 nunu
825 397 881 475 Fi.
896 417 981 491 777.
1021 392 1171 490 semina,
1204 417 1263 492 qua

237 488 416 583 optimam
471 499 635 588 praebent
692 497 806 572 escam
856 496 1010 571 Tetranni'
1051 495 1262 591 Logipidi'&

239 585 344 662 Muri
358 591 509 681 Lemni,
528 594 691 681 faciunt,
710 609 752 666 ut
766 594 809 667 ad
822 591 993 688 frigidum
1010 591 1259 686 septentrionem

235 701 443 763 morentur.
514 689 885 766 ANDROPOGON
929 695 1187 776 stipendariis,
1222 689 1258 782 qui

237 782 347 858 unice
381 785 419 861 in
453 810 560 864 arena
595 791 736 862 volatili
779 789 929 880 crescit,
967 793 1110 864 similis
1144 787 1263 880 impellit

238 881 284 956 ad
325 886 472 960 arenosa
512 891 593 962 ioca
634 889 822 985 eligenda,
856 910 936 961 cum
967 889 1051 961 iilos
1088 910 1131 961 ea
1157 887 1266 980 optime

234 981 400 1072 nutriat3
425 999 466 1059 ut
494 988 595 1080 plura
624 1000 777 1062 taceam.
812 985 1082 1088 ,Ausonum
1117 1007 1187 1080 quae
1209 983 1266 1054 suis

237 1079 384 1172 erigunt
426 1084 569 1176 apices,
618 1085 670 1157 ita
706 1103 749 1158 ut
787 1085 1042 1180 Quadrupedia
1088 1105 1161 1158 non
1194 1101 1267 1173 aque

237 1175 348 1250 facile
379 1181 456 1256 illas
484 1181 614 1272 possint
645 1199 820 1278 tangere,
857 1205 905 1256 eo
939 1181 1069 1275 majori
1108 1183 1267 1280 Insediiiiri

238 1277 418 1352 eii'ercitui
462 1286 625 1372 praebent
672 1281 872 1371 alimenta,
919 1296 962 1355 ut
999 1284 1121 1368 Salis,
1165 1279 1267 1359 Anii.

242 1371 419 1478 Quercus,
457 1380 570 1471 Pyrru
609 1379 676 1452 &o
739 1377 917 1468 Creator,
950 1379 1009 1472 qui
1045 1380 1140 1454 hanc
1177 1378 1268 1470 legen

237 1470 487 1563 sapientissime
524 1476 662 1563 sanxit,
697 1475 778 1568 ipsis
815 1479 924 1567 etjam
961 1476 1167 1549 animalium
1193 1491 1268 1566 orgi·

236 1569 296 1643 iiis
323 1571 487 1646 sensoriis
518 1597 595 1647 eam
625 1571 820 1665 inscripsit,
855 1597 901 1647 ne
935 1574 1144 1670 ignorantia
1170 1583 1268 1646 tonui

238 1677 319 1742 eam
344 1689 520 1761 peccent,
550 1672 583 1744 dr
611 1689 653 1744 ut
679 1673 799 1746 omnis
826 1670 1053 1766 transgresso
1080 1691 1211 1766 poenan
1228 1669 1267 1742 hi·

238 1763 326 1852 bet,
369 1769 419 1840 ita
458 1772 568 1862 etjam
608 1787 797 1862 peccatum
843 1788 973 1844 contra
1010 1772 1128 1864 legem
1165 1785 1266 1844 mium

238 1863 430 1940 certiffime
455 1871 615 1961 punitur.
660 1869 779 1962 Quam
814 1872 863 1941 ob
894 1890 970 1940 reni
1003 1869 1188 1954 animilia,
1214 1883 1266 1954 qur

234 1957 332 2034 hanc
367 1966 485 2059 legem
523 1967 691 2055 violant,
726 1967 866 2039 morbis
905 1977 968 2039 aut
995 1983 1119 2039 morte
1145 1967 1265 2058 pirun·

236 2069 322 2146 tur;
356 2063 453 2134 unde
490 2065 598 2157 etjam
633 2086 714 2137 cum
749 2063 990 2137 admiratione
1027 2063 1195 2136 videmus
1218 2057 1261 2132 ini

236 2157 375 2230 mantia
400 2161 532 2252 bruta,
565 2162 694 2255 quibus
726 2160 768 2231 ad
803 2163 981 2253 ejusmodi
1013 2159 1210 2235 instinctum
1230 2153 1261 2224 ii·

236 2273 329 2327 veie
360 2257 485 2348 licuit,
525 2279 571 2332 ne
598 2257 812 2332 verberibus
845 2258 988 2353 quidem
1018 2259 1155 2350 impelli
1182 2251 1264 2362 pose,

237 2365 281 2426 iit
324 2354 493 2430 adversus
539 2357 649 2450 ipsum
697 2357 886 2450 quidquam
929 2358 1180 2432 committant.
1242 2347 1266 2420 5¹

239 2450 341 2525 sorte
373 2455 483 2545 etjam
522 2455 683 2545 accidat,
716 2468 758 2527 ut
790 2455 919 2528 animai
951 2453 1133 2546 quoddam
1165 2454 1197 2526 in
1221 2451 1267 2524 hit

240 2567 284 2621 re
314 2549 503 2641 offendat,
533 2553 566 2624 dr
600 2555 650 2624 ob
677 2552 853 2625 violatam
880 2553 996 2644 legem
1022 2574 1130 2645 poena
1160 2545 1268 2624 adficit·

240 2657 326 2732 tur,
367 2651 481 2745 vulgo
522 2648 673 2722 dicimus
714 2650 787 2723 hoc
825 2650 884 2720 vei
919 2650 1005 2722 iilud
1036 2645 1267 2723 venenasuni·

242 2737 341 2834 sisse,
370 2746 462 2819 adeo
490 2763 531 2822 ut
562 2748 741 2820 mirentur
768 2748 948 2840 imperiti,
973 2755 1020 2821 ne
1050 2745 1167 2820 dicam
1191 2747 1268 2818 alter·

244 2858 377 2915 centur
405 2845 573 2919 adversus
598 2841 879 2936 sapientisfimam
899 2842 1085 2918 Creatoris
1115 2845 1165 2918 sui
1184 2841 1268 2934 dispo

243 2935 437 3032 fitionem,
468 2945 565 3034 quod
597 2957 658 3013 tot
693 2945 821 3015 herbas
849 2960 1048 3018 venenatas
1074 2939 1267 3033 produxerit

244 3033 395 3116 Etenim
431 3043 527 3115 nulia
568 3062 633 3135 per
668 3053 791 3114 totum
832 3043 959 3114 orbem
994 3044 1118 3135 planta
1148 3041 1184 3114 in
1215 3033 1268 3110 uni·

244 3135 389 3212 versum
418 3135 471 3212 est
502 3137 705 3228 venenosa,
731 3135 789 3212 sed
817 3139 940 3213 omnia
963 3139 1061 3213 bona
1090 3138 1190 3228 sunt,
1216 3149 1269 3226 qtit

249 3257 270 3308 a
306 3235 484 3311 Creatoie
529 3236 666 3311 ducunt
711 3235 901 3332 originem.
968 3231 1107 3310 Medici
1145 3243 1269 3314 monent

246 3333 372 3428 saepius
402 3337 495 3410 hanc
527 3335 587 3408 vei
621 3333 718 3410 illam
751 3333 898 3408 herbam
933 3333 1160 3428 pestiferam,
1194 3331 1270 3422 'dqut

133 3449 139 3462 ·
247 3431 359 3523 ideo,
383 3434 479 3528 quod
505 3433 689 3526 particula
719 3429 788 3506 sint
808 3430 1020 3526 asperiores,
1045 3453 1123 3528 que
1141 3435 1193 3506 lac
1243 3435 1269 3496 nt

246 3527 355 3608 fibras
386 3547 448 3607 aut
479 3543 697 3625 pervertunt
727 3529 911 3605 humores.
965 3529 1036 3603 Sed
1067 3525 1269 3638 omniqhac

165 3645 169 3658 '
245 3631 445 3728 respediivp
485 3632 654 3705 dicuntur
692 3628 736 3701 ad
770 3628 922 3720 speciem
957 3629 1162 3704 animalium
1197 3629 1268 3728 esp

246 3729 436 3829 Euphorbiii
461 3733 643 3826 ieliifcopi'ii
670 3725 821 3800 ladrum
853 3727 964 3802 habet
990 3727 1199 3816 humorem,
1228 3733 1290 3812 qui

245 3848 367 3907 cutem
413 3825 570 3906 nostram
616 3827 655 3900 iii
698 3825 873 3901 veficiilas
905 3830 1060 3920 elevat,
1120 3823 1268 3999 fibffi
