2584 4776
339 221 667 315 martanam
831 173 836 180 ’
957 241 1040 331 ³272

273 415 491 500 annumerem
519 411 742 511 Effenririnn.

12 561 253 644 mmmmm
285 569 508 662 calyptrata,
560 562 792 664 operculata',
834 573 1037 664 receptacula.

43 663 325 758 membranaceo,
355 667 548 760 colorato,
575 668 735 744 maximo
755 665 933 762 imposita.

65 857 237 936 Genericia
262 859 384 954 itaque
409 857 681 936 Charaiteribua
706 861 924 957 propontis,
954 863 1031 942 Na·

12 959 281 1052 perantiquum,
318 957 655 1048 autumnum,
695 960 780 1034 huic
817 961 1032 1058 adjungam,

12 1068 177 1130 mutuatum
205 1081 224 1130 a
244 1055 485 1147 Dioscorida,
517 1058 576 1152 qui
593 1056 728 1132 Muscis
750 1059 823 1132 hoc
845 1057 1030 1156 imposuit.

12 1151 129 1228 Nomen
156 1156 363 1250 genericum
401 1155 638 1230 chuaiierem
668 1155 886 1232 essentialem
914 1157 1033 1252 expri-

12 1269 87 1338 nans
116 1250 150 1326 in
179 1268 328 1344 promtu
361 1250 503 1346 quidem
536 1273 595 1328 me
620 1251 801 1345 habuisse,
843 1275 919 1328 non
960 1255 1033 1330 erit

12 1345 239 1441 interamna
261 1349 343 1442 sed,
382 1371 428 1422 ne
461 1349 555 1424 mori
593 1372 613 1424 a
648 1351 835 1425 Batanicis
876 1365 1030 1446 recepto

12 1443 178 1520 contrarius
193 1447 354 1536 viderer,
369 1448 537 1522 suadente
557 1449 666 1523 etiam
686 1449 794 1522 Fumi.
813 1452 876 1524 im.
896 1455 931 1543 §.
944 1471 1028 1539 241.

12 1559 113 1632 vagum
139 1545 221 1619 iilud
250 1540 357 1618 certo
388 1545 510 1640 generi
538 1543 724 1642 praefigere
746 1547 859 1620 volni.
912 1545 1030 1642 Origo

12 1635 91 1728 hujus
109 1643 259 1716 numinis
286 1642 440 1718 omnino
464 1641 516 1716 ast
533 1666 671 1740 greca,
700 1665 719 1714 a
739 1665 834 1718 voce
852 1636 1031 1744 tanaim-

12 1753 68 1826 νον,
86 1739 207 1834 abjeiia
231 1741 340 1816 litera
367 1765 411 1834 γ,
438 1737 519 1816 suns
545 1743 646 1816 ducit
669 1742 821 1817 natales.

428 1981 464 2071 i·
511 1971 578 2050 IV·
669 2045 679 2066 .

60 2148 268 2228 SPECIES
293 2164 370 2226 tres
398 2173 502 2228 noun
533 2157 687 2252 Spiachni
716 2153 841 2252 generi
867 2153 1033 2252 legitime
1166 2169 1172 2178 “

12 2245 134 2323 iabiiitn
154 2249 361 2340 ndneiiam3
392 2271 561 2344 quarum,
592 2256 756 2346 quamvis
779 2254 841 2329 sibi
870 2254 1033 2332 invicem

12 2347 87 2435 silit
106 2349 292 2440 milium,
323 2369 428 2426 verna
457 2345 680 2430 differentias
704 2353 741 2426 in
788 2354 862 2428 rani
886 2354 1033 2444 botani·
1164 2403 1169 2410 ·

13 2463 51 2516 :er
83 2448 137 2520 vei
170 2447 306 2520 leviter
334 2445 495 2524 versatus
528 2449 704 2524 inveniet.
799 2471 854 2528 am
885 2451 920 2524 in
949 2469 1031 2524 mo·

13 2539 69 2615 lum
91 2543 188 2640 Brpi‚
217 2545 319 2618 soliis
354 2545 397 2618 ad
423 2545 664 2621 summitatem
693 2549 804 2622 caulis
832 2545 1028 2644 congestis,

13 2641 142 2722 numina
165 2640 317 2737 angusto
349 2645 555 2720 terminatis
580 2645 614 2720 δι
643 2645 849 2739 pedunculo
872 2646 931 2724 seu
955 2646 1033 2724 seta

13 2755 41 2808 aa
58 2741 146 2832 apice
165 2740 277 2814 caulis
298 2739 524 2834 prodeunte,
549 2765 677 2816 omnes
694 2742 871 2819 crescunt.
932 2747 1031 2842 Capi·

13 2839 61 2906 tusa
79 2851 247 2928 praterea
270 2859 390 2912 earum
417 2841 538 2932 paullo
568 2839 772 2915 adcuratius
796 2840 1029 2935 inspicientes

13 2941 164 3024 tmncata,
195 2933 518 3030 opacitatem,
547 2937 806 3013 observabunt.
859 2936 1029 3034 Inprimis

13 3047 79 3102 raro
115 3032 238 3108 harum
272 3036 518 3109 umbraculum
538 3081 540 3086 -
559 3035 666 3110 initio
703 3035 884 3110 virescens
924 3049 1029 3129 parte

13 3121 159 3220 'uperiore
191 3130 265 3204 basi
298 3130 445 3224 capituli
473 3129 666 3231 adfigitur,
695 3129 870 3208 inferiore
904 3143 1030 3210 autem

13 3225 182 3302 >aduncum
215 3227 397 3320 cnhaeret3
428 3231 524 3326 quod
555 3227 782 3326 postmodum
815 3229 928 3328 magia
951 3251 1027 3306 ma·

13 3319 106 3414 piaque
148 3323 333 3402 extensum
377 3329 539 3403 colorem
574 3343 703 3404 mutat.
772 3329 895 3424 Quum
932 3327 1039 3404 adeox

14 3422 202 3530 fonveniant
228 3423 264 3498 in
291 3423 474 3517 plurimis.
499 3439 623 3502 notam
648 3447 793 3521 quoque
814 3427 1029 3524 singularem

14 3518 52 3588 rbi
77 3541 301 3596 communem
327 3523 506 3608 habeant,
534 3525 619 3618 quin
645 3525 689 3599 ad
713 3525 808 3598 idem
833 3541 947 3620 genua
970 3547 1030 3599 re-

14 3611 164 3706 meatur,
202 3618 239 3694 in
266 3619 412 3694 dubium
439 3623 566 3698 venire
591 3639 666 3698 nnn
693 3621 826 3716 potest.
892 3622 1031 3700 Utrum

14 3729 75 3784 raro
115 3729 279 3810 tanquam
317 3717 486 3794 distiniia
518 3718 664 3814 species·
687 3721 758 3794 srnt
782 3719 1030 3820 sejungandae,

14 3825 56 3884 uc
79 3833 146 3912 ne,
174 3813 354 3912 inquirere
382 3817 471 3896 mihi
494 3833 593 3900 nune
615 3816 827 3898 incumbit..
1166 3901 1170 3908 .
