2702 4792
226 187 277 274 '40
462 162 780 258 oucouoiua
811 177 1064 260 *mutuum

231 359 305 432 bus'
327 357 377 432 est
398 361 524 435 'Lirien
541 364 786 456 magistriam,
813 364 927 455 quiin
953 364 1025 435 aiio
1048 377 1152 438 tetra
1168 361 1273 438 traiiri

231 459 415 548 neutiqam
444 477 518 532 tam
544 462 690 553 copiose
714 461 866 549 crescit,
895 483 936 533 ac
960 462 1030 547 ibi;
1063 461 1199 534 &cum
1217 462 1273 533 iri·

233 579 299 654 gus
329 557 410 629 heic
439 558 482 630 srt
515 559 804 644 intensrffimum‚
835 558 964 632 fastum
990 558 1059 647 est,
1088 573 1130 632 ut
1154 559 1274 653 Rangi·

231 653 323 745 feri,
366 656 456 727 sicut
496 673 620 728 cetera
655 657 816 730 Borealis
849 672 953 728 terrae
978 656 1160 743 animatia,
1185 657 1276 748 pelli·

231 755 301 828 bus
328 755 507 848 gaudeant
536 754 618 845 pilis
651 754 906 842 retenturum,
933 743 1077 846 quarum
1103 753 1276 827 beneficio

232 853 364 927 hiemis
388 851 462 922 vim
484 852 624 943 optime
648 855 796 925 eludere
819 855 956 927 valent.
1008 852 1146 924 Pariter
1171 852 1276 925 Terror

234 951 392 1042 Lrgopus
460 949 496 1022 in
554 951 636 1042 ipsis
703 952 840 1042 alpibus
893 950 1111 1042 Lapponicia
1172 951 1277 1022 viram

232 1049 420 1140 traoigit,
446 1045 636 1120 seminibus
668 1051 790 1122 Beroia
817 1071 910 1142 nana
945 1048 1136 1136 mititatis,
1176 1062 1277 1139 utqur

235 1169 256 1219 a
288 1144 433 1240 frigoris
471 1147 600 1236 injuria
638 1168 686 1218 eo
721 1147 837 1220 tutius
867 1147 918 1219 ibi
955 1147 1129 1220 curiitare
1158 1161 1278 1241 queat,

234 1244 419 1338 plumosos
446 1243 557 1316 habet
581 1246 705 1336 pedes.

314 1441 461 1512 Carmelus
495 1438 631 1512 deserta
663 1441 811 1514 arenosa
848 1438 1111 1516 &caiidiiiima
1138 1435 1281 1526 incolit,

238 1552 281 1614 ut
307 1535 426 1608 sterile
448 1538 672 1632 Andropogorr
700 1543 944 1612 scroenanrrum
970 1537 1151 1613 obtineat.
1194 1534 1282 1610 Huic

237 1655 332 1708 vero
372 1657 476 1726 quam
516 1636 695 1728 sapienter
735 1637 918 1730 prospexit
963 1637 1159 1711 conditor!
1223 1633 1281 1706 Per

240 1733 379 1807 deserta
406 1733 455 1803 iiii
481 1732 531 1804 est
556 1735 833 1822 ambulandum,
866 1736 925 1807 ubi
955 1735 1049 1809 haud
1083 1755 1168 1806 raro
1199 1732 1283 1804 intra

239 1834 439 1908 multorum
467 1831 668 1904 milliarium
697 1835 871 1906 ambitum
893 1856 980 1923 aqua
998 1855 1074 1906 non
1094 1831 1282 1907 invertitur.

240 1929 310 2002 Siti
338 1931 499 2020 perirent
528 1929 564 2002 in
597 1931 775 2021 ejusmodi
807 1932 937 2004 itinere
961 1930 1127 2004 animalia
1151 1927 1284 2011 omnia;

242 2027 410 2103 Cameius
439 2049 530 2099 vero
562 2027 694 2102 ibidem
729 2034 861 2119 absque
896 2031 951 2126 frti
979 2030 1092 2102 uitam
1129 2027 1284 2102 sustinere

241 2125 382 2221 potest,
410 2125 539 2218 quippe
567 2127 667 2218 cujus
696 2128 924 2200 ventriculus
949 2128 1086 2201 cellulis
1113 2124 1285 2199 instruitur

242 2225 429 2319 plurimis,
459 2224 495 2295 in
532 2225 658 2314 quibus
692 2248 815 2317 aquam
846 2225 1006 2296 reservat
1042 2227 1197 2318 plurium
1223 2220 1285 2293 die·

243 2345 323 2396 rum
337 2333 361 2410 ‚'
378 2323 470 2395 sitim
501 2323 727 2409 eludentem
767 2323 812 2395 Et
846 2323 1011 2397 referunt
1050 2323 1284 2417 peregrinatu·

244 2444 326 2508 res,
356 2422 452 2516 quod
483 2421 643 2502 Arabes,
675 2422 758 2494 dum
789 2422 825 2493 in
855 2421 985 2494 itinere
1005 2420 1193 2494 constituti
1210 2435 1289 2508 aqua

246 2519 512 2601 destituuntur,
540 2515 708 2590 camelos
734 2519 885 2592 matiam
911 2520 945 2592 ἃ
969 2542 1013 2592 ex
1037 2519 1193 2608 ipsorum
1212 2535 1287 2586 ven·

246 2618 388 2692 tricuiis
430 2637 554 2706 aquarn
588 2617 729 2689 haurire
765 2618 854 2708 sape
891 2633 1091 2713 cogantur,
1122 2619 1191 2688 iliis
1218 2607 1289 2688 tefi·

249 2717 387 2790 ciendis
409 2712 638 2806 aptiffimam,
668 2715 827 2788 &nullo
854 2719 966 2789 modo
996 2731 1216 2808 corruptam.

326 2912 505 2984 Peiecmrur
529 2913 743 2985 onocrotalus
764 2913 897 3000 pariter
921 2911 956 2984 in
977 2910 1069 2983 locis
1087 2911 1225 2982 habitat
1240 2903 1292 2976 de·

251 3009 354 3082 sertis
375 3009 408 3079 δι
428 3011 596 3095 exaridis,
609 3010 726 3101 ibique
745 3010 864 3082 nidum
883 3013 993 3106 ionga
1009 3030 1027 3080 a
1045 3008 1133 3081 mari
1152 3004 1292 3079 diffitum

251 3107 386 3180 ssr'u'ete
414 3119 581 3194 tenetur,
611 3123 721 3178 uteo
747 3110 917 3199 majorem
948 3108 1031 3179 ovis
1050 3106 1119 3178 suis
1145 3107 1294 3178 calorem

253 3203 451 3288 conciliet;
485 3226 608 3295 aquam
637 3206 747 3298 igitur
776 3228 795 3276 e
828 3207 1026 3298 longinquo
1056 3205 1089 3275 δι
1121 3205 1158 3276 in
1192 3200 1238 3275 sui
1266 3195 1296 3268 ir

251 3305 434 3394 pullorum
480 3305 630 3394 gratiam
671 3304 810 3375 adferre
853 3307 1017 3394 cogitur,
1057 3324 1167 3392 quaro
1197 3298 1295 3370 etiam

254 3399 516 3486 instrumento,
545 3402 628 3473 huic
660 3404 812 3496 negotio
838 3401 1033 3493 aptiffimo‚
1066 3400 1176 3490 ipsum
1204 3399 1297 3469 dota·

254 3497 313 3566 vit
358 3496 624 3588 sapientissiurus
664 3499 700 3570 in
742 3499 808 3570 suis
850 3502 1019 3591 operibus
1048 3519 1166 3571 rerum
1208 3493 1297 3565 Con·

256 3593 372 3666 ditor:
413 3594 598 3674 Saeculum
634 3618 762 3676 nempe
794 3601 886 3692 gerit
911 3599 971 3670 sub
995 3599 1075 3690 guia
1097 3595 1180 3666 satis
1204 3611 1297 3682 capa·

247 3705 357 3778 uem,
391 3715 493 3782 quem
527 3696 674 3784 copiosa
707 3718 795 3786 aqua
837 3699 951 3786 rapiet
985 3695 1137 3786 plurium
1169 3693 1299 3763 dierum

245 3789 452 3866 ueceffitari
480 3790 702 3884 sufficiente,
740 3814 890 3889 eamque
916 3794 953 3868 iu
978 3794 1101 3870 nidum
1128 3786 1298 3870 effundit,

1266 3895 1302 3956 ut
