2604 4788
271 247 469 330 SEMINA
509 251 814 334 MUSCORUM.
999 269 1069 349 285
1104 243 1107 262 ⁴

1 428 172 506 nexione
200 430 481 523 contineantur,
508 435 606 526 quod
633 431 744 528 ipsum
775 433 882 508 aliter
906 429 978 506 elle
1004 453 1073 512 oe·.

2 531 108 622 quit,
136 527 161 602 ll
186 545 313 604 natura
339 549 457 604 rerum
486 529 794 620 condonianam
819 533 881 608 nist
909 531 970 602 fibi
997 529 1070 626 ipsa

4 625 99 700 eliet
123 626 382 716 consentient,
407 629 472 702 nisi
497 631 622 704 ultima
645 629 768 720 primis
794 629 829 704 dr
857 629 983 705 mediis
1012 648 1071 702 re·

8 721 254 816 sponderent,
305 747 441 800 numne
479 727 580 800 illico
616 727 687 821 ipsa
724 729 823 804 mole
861 725 979 800 veluti
1008 723 1069 802 suo

15 817 166 895 rueret?
217 821 338 920 Quid,
362 822 459 912 quod
484 827 584 898 nullo
607 823 711 920 pastu
736 827 909 916 formari,
933 821 1068 900 nedum

15 919 225 1009 confidere,
248 921 439 1012 potuerit,
463 921 529 998 nifi
557 937 639 998 tota
667 945 883 1018 compages,
916 921 1068 1014 quadam

11 1017 126 1090 veluti
155 1031 310 1108 cateno,
331 1017 401 1096 suit
426 1018 517 1094 ell'et
549 1021 710 1096 articulia
737 1019 896 1096 ndstridia
923 1019 958 1092 dc
988 1019 1067 1092 col·
1102 1091 1109 1110 ,

5 1113 146 1226 ligata?
190 1113 261 1190 Sed
288 1130 329 1189 ut
355 1115 401 1192 de
424 1117 640 1214 cognitione
663 1136 775 1215 ptuca
793 1118 932 1206 dicam,
957 1137 1068 1212 quarn
1227 1159 1230 1168 ·

7 1212 218 1305 incipiendo
238 1233 258 1286 a
275 1213 568 1308 nobiametipfis,
599 1217 632 1290 dr
651 1215 920 1313 progrediendo
936 1214 980 1287 nd
997 1215 1071 1290 alia·

6 1312 119 1407 magis
162 1310 340 1404 abstrusa,
391 1315 506 1390 multa
545 1333 665 1390 rerum
705 1317 885 1388 varietate
924 1311 1071 1402 edocti,

10 1409 248 1504 acquirimus,
283 1408 463 1486 sciendum
503 1410 540 1486 in
577 1411 782 1486 universum
816 1409 891 1502 est,
928 1425 1065 1502 quanto

14 1527 69 1580 reo
91 1529 242 1600 quaeque
265 1508 448 1600 nobilior,
470 1507 505 1582 dr
535 1530 556 1581 e
579 1524 774 1584 contemtu
801 1509 1068 1606 elegantiorum

17 1605 199 1679 hominum
224 1605 427 1698 remotior,
455 1622 562 1682 tento
587 1609 713 1702 majori
738 1609 775 1684 in
799 1609 880 1684 luce
903 1605 1066 1684 adonis·

17 1703 273 1796 unoquoque
306 1703 378 1778 ell'e
415 1706 658 1796 collocatam,
696 1727 845 1800 quorum
880 1726 971 1780 vero
1011 1704 1066 1780 in·

13 1798 90 1874 lima
116 1801 286 1876 conditio
309 1800 361 1876 est
385 1823 530 1891 rerum,
568 1825 629 1878 eos
653 1805 838 1900 perpetuis
865 1803 981 1878 veluti
1005 1817 1065 1897 ⁸te·

11 1899 128 1973 nebris
173 1898 381 1991 damnatas,
428 1897 617 1976 diutissime
661 1902 777 1976 lutere
816 1901 852 1975 dr
891 1901 1082 1998 ignorari„

12 2001 134 2094 Quum
167 2017 261 2071 vero
292 1999 337 2072 ab
373 1997 502 2074 eodem
531 1995 670 2074 summo
700 1997 843 2095 Opifice
877 1999 946 2074 dut
979 1999 1064 2090 pro'-

12 2095 121 2186 ledea,
157 2093 338 2188 quidest,
366 2095 464 2190 quod
488 2095 566 2170 haec
587 2097 736 2192 perinde
761 2117 803 2170 oc
826 2097 885 2170 illa
913 2095 1062 2170 curiofis

13 2192 145 2267 lustrari
171 2193 291 2267 oculis
312 2193 446 2268 vetet?
495 2195 604 2288 Quass
631 2215 722 2269 vero
747 2193 849 2286 Leo,
883 2193 962 2268 Rex
987 2193 1062 2266 ani·

15 2292 177 2381 melium,
202 2291 330 2385 majori
358 2289 573 2368 constitiliet
597 2288 762 2386 supremo
780 2312 901 2368 rerum
926 2289 1062 2365 Condi·

17 2390 104 2481 tori,
130 2409 235 2484 quom
257 2389 446 2464 humillimi
469 2391 543 2463 loci
566 2389 694 2484 Talpa.
754 2389 808 2464 At
832 2410 907 2464 non
933 2391 1062 2464 eadem

13 2489 196 2580 utriusque
225 2507 319 2562 cure
346 2486 397 2562 est
424 2487 583 2580 utilitas,
612 2509 681 2564 nec
707 2486 814 2562 nobie
849 2503 951 2562 certe
974 2475 1063 2582 oua·

12 2585 145 2660 rumvia
168 2605 290 2659 rerum
314 2585 443 2681 peritia
474 2587 602 2661 eadem
635 2607 748 2681 opera
780 2583 933 2662 constat.
998 2581 1068 2658 dide

12 2705 220 2778 magnorum
243 2681 447 2757 animolium
476 2681 683 2775 scientiam,
709 2683 934 2778 experientia
953 2683 1060 2774 duce,

15 2783 110 2854 multi
137 2795 410 2874 pervenerunt,
434 2781 471 2854 in
502 2783 700 2856 minoribua
729 2781 971 2856 animantibus
994 2780 1059 2855 diu

19 2877 216 2954 subfistente
233 2897 360 2954 eorum
381 2877 550 2954 industria
575 2880 608 2951 dr
629 2879 802 2954 lraerente.
842 2877 940 2954 Idem
964 2877 1058 2952 acci·

20 2975 67 3050 dit
104 2977 297 3054 herbarum
340 2975 538 3064 studiosis„
576 2977 779 3070 Majoribue
816 2976 855 3052 in
899 2977 1066 3071 plantio,

15 3077 129 3150 omnie
159 3096 227 3148 acu
251 3073 515 3170 propemodum
547 3089 695 3172 tangere
723 3075 831 3149 uobia
868 3073 1057 3162 videmur,

12 3189 49 3248 ιιι
92 3175 258 3263 caulem,
300 3172 412 3264 folia,
471 3171 625 3266 florem,
686 3171 861 3260 studium
922 3170 1058 3244 Mustio

11 3291 101 3344 vero
156 3271 191 3346 dt
236 3271 339 3367 Algia
386 3267 639 3366 fimpliciffimir
689 3271 818 3345 oculor
870 3267 1057 3362 subjectis,

12 3370 165 3464 persaepe
200 3365 349 3442 Caulem
384 3369 419 3442 dc
462 3368 587 3460 Folia3
625 3369 773 3445 Florem
813 3367 848 3442 dr
888 3365 1057 3444 Fructum

13 3469 224 3565 distinguere
248 3467 312 3542 vix
335 3467 509 3544 vdemue.

459 3632 495 3722 §·
543 3621 592 3706 11.

48 3753 199 3850 ·Longi
231 3751 409 3848 temporie
441 3747 504 3824 usu
540 3747 575 3822 dc
617 3741 840 3842 experientia
880 3715 1061 3810 addidice-

8 3867 89 3930 runt
110 3853 301 3930 herbarum
323 3847 454 3947 periti,
479 3846 515 3922 id
538 3847 635 3942 quod
657 3843 696 3922 in
718 3843 848 3938 ΜΒΝ
869 3833 1058 4022 h‘gfflffiss’
