2702 4792
229 237 276 292 ιι
461 217 779 297 OECONOMIA
816 215 1060 296 NATURAE

232 415 309 488 quae
340 396 434 566 rapio
453 401 571 512 ‘etjam
597 403 697 476 valet
717 400 811 474 circa
828 399 998 493 frumenta
1025 397 1145 472 nostra
1172 394 1278 471 maxi·

232 513 293 570 me
322 515 373 568 vu
388 517 496 594 gana.

307 689 368 764 Sic
403 712 482 764 nec.
508 715 617 767 urens
646 692 721 782 sol,
759 713 831 769 nee
871 690 986 786 gelide
1018 693 1142 764 bruma
1174 690 1282 781 impe·

237 786 363 870 diunt,
401 811 472 879 quo
504 791 786 866 minus'omnes
818 795 984 884 regiones
1014 789 1071 860 sua
1098 788 1282 880 proferant

236 889 470 980 vegetabilia.
537 888 619 962 Nec
658 893 767 964 ullum
800 890 954 980 denique
996 887 1108 960 sotum
1145 884 1282 966 existit,

238 983 338 1074 quod
375 1007 450 1058 non
495 986 623 1060 horum
661 989 773 1082 gestat
818 988 914 1060 varia
957 985 990 1056 &
1028 985 1176 1058 diversa.
1227 982 1284 1055 Sic

239 1100 346 1174 aquas
371 1081 574 1157 inhabitant
595 1088 881 1180 Potamogetoner,
909 1086 1113 1177 Nymphae,
1136 1082 1283 1158 Lobeiiae,

237 1177 366 1254 Fluvia
403 1183 437 1255 δι
469 1183 575 1256 maris
614 1184 761 1260 fundum
801 1198 929 1278 tegunt
972 1183 1155 1263 Pluviales,
1188 1179 1283 1262 Fuci,

241 1276 421 1369 conferve.
496 1280 644 1354 Paludes
698 1285 848 1378 Spiugnu
892 1280 1055 1372 implent.
1131 1275 1285 1368 Campos

235 1375 334 1468 Brya
363 1377 531 1451 vestiunt.
577 1379 684 1452 Siluae
716 1377 927 1463 ariuiffinae‘,
958 1399 1024 1450 nec
1055 1397 1128 1449 non
1155 1377 1236 1447 loca
1267 1391 1287 1440 a

239 1469 323 1545 solis
356 1476 461 1549 radiis
492 1477 554 1549 vix
589 1499 741 1570 unquam
773 1477 964 1560 illustrata,
1002 1476 1132 1568 Hyperis
1150 1471 1194 1559 x)
1231 1489 1286 1541 or·

240 1585 384 1644 uantur.
434 1573 551 1647 Immo
580 1576 713 1667 lapides
746 1575 779 1646 &
805 1575 922 1646 trunci
946 1577 1111 1643 arborum
1134 1592 1213 1648 ¹nou
1232 1585 1287 1638 ex·

241 1667 447 1762 cipiuntur‚
482 1674 565 1766 quin
592 1674 699 1746 variis
727 1675 922 1748 Lichenibus
954 1672 1174 1764 operiantur.

310 1859 544 1940 DESERTA
571 1867 605 1939 δι
636 1869 788 1940 maxime
817 1866 961 1938 arenosa
991 1867 1071 1936 loca
1109 1863 1185 1936 suas
1210 1882 1290 1952 pro·

241 1957 335 2050 prius
373 1961 543 2038 sustinent
574 1967 718 2037 arbores
747 1967 780 2038 &
810 1967 969 2054 plantas3
1009 1963 1146 2033 &enm
1176 1959 1290 2032 inhia

242 2055 334 2128 locis
367 2081 455 2152 aqua
482 2065 620 2138 nonnisr
656 2063 819 2136 rariffime
851 2061 1068 2153 reperiatur,
1102 2061 1218 2132 mirnr'
1246 2057 1292 2130 ia·

244 2175 291 2225 ne
319 2163 521 2246 conuenit,
553 2164 648 2253 quod
677 2165 796 2232 multae
827 2162 948 2232 harum
983 2182 1088 2252 aquus
1119 2157 1291 2228 exstimu-

244 2265 303 2325 tes
335 2258 547 2352 porrigant,
587 2282 662 2350 que
702 2261 949 2352 migrantrbus·
975 2257 1181 2330 hominibus
1220 2275 1292 2326 non

245 2350 363 2424 minus
387 2377 488 2447 quam
510 2357 596 2432 feris
616 2359 770 2430 maximo
794 2358 871 2427 sunt
898 2355 1048 2437 solatio,
1075 2377 1180 2444 quum
1203 2352 1293 2424 titim

243 2452 390 2542 egregie
422 2457 667 2549 exstinguant,
697 2477 763 2544 qua
794 2453 876 2523 alias
913 2454 1085 2543 perirent.
1135 2449 1195 2520 Sic
1235 2449 1295 2520 ut-

247 2548 389 2636 iundfiu‚
431 2554 551 2644 planta
595 2553 797 2644 peramica,
848 2549 1066 2623 insummis
1108 2547 1293 2620 arboribus

247 2643 426 2720 Americae
453 2651 672 2722 desertorum
703 2647 851 2736 crescit,
872 2647 965 2738 foliis
990 2649 1031 2718 ad
1059 2647 1153 2718 basrn
1184 2648 1219 2744 in
1243 2665 1296 2715 ur·

208 2831 212 2838 ,
249 2744 392 2817 ceolum
434 2748 635 2840 congestis,
682 2748 782 2840 apice
820 2768 908 2815 vero
946 2744 1128 2833 expansu,
1171 2743 1296 2832 quibus

247 2839 406 2931 pluviam
434 2847 633 2940 coliigunt,
668 2845 776 2936 inque
812 2844 962 2914 urceolo
992 2839 1134 2914 servant
1167 2839 1299 2912 defide-

250 2938 414 3013 rantibus
451 2942 680 3030 hominibus,
715 2944 865 3029 auibus,
901 2940 998 3015 feris.
1051 2941 1234 3034 Nepenthes
1264 2935 1299 3007 in

254 3031 420 3127 Zeylona
468 3041 608 3131 profert
651 3041 825 3112 utriculos
866 3037 1083 3128 cytindricos
1123 3033 1299 3125 operculo

254 3135 414 3218 clausos,
452 3137 544 3210 intra
574 3162 663 3229 quos
696 3137 847 3208 secernit
873 3157 996 3226 aquam
1027 3131 1237 3228 puriffimam
1270 3129 1302 3202 δι

252 3231 551 3328 refrigerantem,
577 3258 678 3328 otram
699 3235 864 3306 homines
889 3233 1024 3324 aliaque
1048 3233 1211 3304 animatia
1230 3251 1303 3326 gra·

254 3326 372 3401 tissimi
415 3333 565 3406 notioris
599 3335 705 3406 instar
750 3333 927 3404 hauriunt.
994 3329 1064 3404 Ari
1095 3329 1230 3420 species
1268 3325 1304 3397 iu

258 3423 373 3498 Gallia
399 3431 654 3522 aquirrotiiaii‚
683 3455 702 3504 e
729 3431 833 3502 ramis
862 3427 977 3502 nauis
1003 3449 1099 3519 aque
1122 3425 1305 3518 purifflmae

255 3521 382 3598 libram
428 3528 602 3616 exstiliat,
643 3530 758 3602 eidem
791 3527 851 3600 fini
888 3526 1155 3598 inservientem.
1232 3521 1303 3595 Eoi

257 3641 360 3712 quam
395 3626 551 3720 sapiens,
580 3649 755 3721 quamque
787 3641 869 3719 apta
897 3622 947 3696 est
983 3622 1171 3696 harmonia
1213 3623 1305 3693 inter

406 3735 411 3748 ‘
1188 3719 1307 3816 regio·

251 3853 1304 3886 ...Μ-Μή

312 3931 352 4009 x)
375 3939 416 3998 it.
442 3938 490 4000 W.
512 3934 599 3999 Goth.
617 3956 685 4021 ¹¹4·
