2628 4798
267 256 346 350 ‘304
526 229 728 328 deutur
741 257 748 295 τ
762 241 1076 328 museonunn

220 455 223 468 ·
345 432 404 508 Sic
433 411 556 528 niaque
588 432 830 530 ingeretur
862 431 1099 527 dispolltione
1124 413 1280 510 Dilleu'ua

273 533 450 609 referrem

347 731 731 856 retinendorum,
762 759 896 856 absque
932 757 1105 854 apophyfi
1130 755 1277 848 stellisque,

272 862 318 936 ad
347 861 501 946 BRYA,
534 881 615 932 cum
646 858 806 949 pilositas
833 856 1118 953 calyptraemini
1138 877 1206 932 non
1227 851 1281 929 iun·

272 961 345 1035 ciat
367 965 435 1054 'pro
469 956 671 1034 cheradere
698 957 884 1053 generice.

350 1198 443 1288 Bryn
470 1196 641 1290 stellaria,
675 1217 752 1290 quae
791 1195 902 1290 gradu
941 1209 1089 1269 tantum
1119 1215 1139 1267 a
1164 1190 1284 1286 emindii

271 1295 536 1392 pulverulentis
566 1294 762 1398 differtum,
788 1291 978 1387 susciperet
1007 1291 1198 1367 MNIUM.

349 1530 534 1622 Splegnum
583 1523 787 1600 dimitteret
830 1523 954 1598 omnia
994 1521 1281 1612 tunsumque

273 1625 432 1698 antherae
474 1636 676 1716 aperturam
730 1623 999 1718 integerrimam
1052 1645 1130 1697 non
1169 1619 1278 1703 habent,

274 1721 455 1795 namhoc
487 1721 537 1794 est
566 1742 679 1815 genus
709 1723 884 1795 naturale.
938 1726 1127 1818 sphagnum
1147 1721 1234 1811 etjam
1245 1713 1277 1786 li.

272 1819 378 1892 Suec.
400 1823 483 1910 865.
512 1818 641 1911 inquo
670 1821 713 1893 P.
745 1821 881 1918 L'o'fling
907 1822 1111 1917 calyptram
1132 1811 1278 1912 nuperul·

269 1917 454 2010 servavit,
479 1916 575 2011 Brya
602 1917 769 1992 intraret.

716 2181 751 2273 t.
803 2175 885 2254 xn.

271 2461 276 2476 ,
349 2392 550 2472 HlLLlUS
581 2393 619 2469 in
652 2393 731 2470 An.
763 2394 1006 2490 Angl1746.
1039 2421 1076 2473 o.
1100 2419 1158 2490 44
1185 2391 1274 2478 nui

267 2513 302 2594 p.
336 2501 393 2568 60.
466 2491 595 2568 Flores
635 2493 669 2564 u
709 2491 853 2566 Semina
892 2495 1104 2570 Muscorum
1133 2497 1167 2568 in
1197 2489 1274 2578 llud

273 2595 326 2668 Fi.
357 2597 449 2666 Snec.
472 2603 553 2672 882.
606 2589 695 2665 Dill.
717 2613 776 2686 59.
811 2593 1005 2667 acutillime
1044 2595 1203 2688 detegere
1225 2586 1275 2654 eli

269 2689 443 2771 borevit3
470 2687 593 2762 statuit
627 2689 723 2762 enim
756 2691 996 2781 capitulorum
1025 2689 1120 2764 Cillu
1149 2688 1207 2762 elle
1229 2681 1274 2753 Su

269 2795 381 2885 mina,
409 2787 647 2860 Columellam
671 2788 856 2874 Piliillum,
885 2789 1050 2864 Farinam
1082 2795 1213 2872 Semina,
1232 2791 1275 2850 ili

270 2885 375 2958 aliter
410 2885 570 2972 iudicare
602 2883 727 2976 potuit
761 2885 946 2979 quisquam
978 2891 1166 2970 oculatus,
1196 2893 1274 2980 quau*

270 2983 329 3158 giu
353 2985 480 3096 ignota
503 2999 582 3057 erat
604 2983 809 3076 Lycopodii
832 2985 989 3082 genuine
1011 2978 1176 3060 strudura
1195 2970 1274 3052 nuni

299 3099 466 3155 cationis.

342 3303 628 3381 SPHAGNUM
654 3305 728 3402 (Fi.
751 3306 857 3384 Suee.
876 3304 984 3402 864.)
1007 3311 1183 3386 incautum
1206 3297 1273 3378 nde

271 3405 428 3486 seducit,
469 3423 601 3497 utpote
645 3408 740 3498 quod
778 3410 912 3504 gaudet
945 3405 1189 3484 ANTHERA
1219 3413 1273 3472 mil·

273 3509 356 3600 gine
389 3504 647 3598 integerrimo,
683 3529 772 3577 cava
798 3510 932 3598 absque
958 3507 1144 3581 manifesto
1169 3500 1273 3596 pollii

272 3601 449 3673 insidente
481 3603 645 3697 Apopdyfl
686 3625 706 3675 e
741 3606 932 3696 pedunculi
970 3607 1071 3698 apice
1110 3598 1273 3678 incrassato,

272 3700 367 3771 tee‘la
408 3703 562 3794 Operculo
598 3703 751 3791 obtuso,
791 3704 848 3776 cui
881 3705 1061 3777 incumbit
1096 3707 1203 3796 Corpiu
1228 3709 1273 3762 uu

271 3821 412 3886 wem,
439 3796 581 3874 affixum
595 3794 657 3894 filo
678 3821 699 3875 e
719 3805 952 3898 receptaculo
976 3801 1191 3898 prodeunte,
1210 3777 1271 3952 iulg
