2604 4788
208 255 281 338 294
481 225 685 312 cannen
728 228 1041 314 xuuonuns·

210 415 309 490 tibus
349 409 482 489 Arnus
515 432 644 507 enata,
680 439 757 508 quae
795 401 1055 512 renraesen'tant
1087 411 1268 510 perfeiioe

210 525 328 586 conos
361 515 586 586 velamenta
614 537 633 587 a
662 516 820 588 minimis
850 519 1072 590 Cherrrridibus
1103 515 1266 592 cauffate.

212 611 319 686 Fuere.
354 613 447 702 Sere.
469 633 550 703 700.
579 619 617 686 it.
651 615 740 687 Gari.
761 625 841 695 180.

215 833 216 840 Ν
284 752 319 824 Si
348 749 643 822 vero'Arnenrum
669 751 855 823 contrario
882 750 994 823 ruodo
1020 747 1263 840 concipiatur,

213 853 282 924 erit
308 851 380 921 hoc
414 868 531 919 rarnus
559 851 789 920 abbreviatus
821 847 844 922 s.
875 849 1080 922 contraitur
1110 847 1265 932 florifer,

214 952 385 1042 cujusque
407 948 494 1017 folia
512 947 677 1018 abierunt
694 947 731 1018 in
754 945 909 1044 squarnas
930 947 1076 1018 amenti.
1110 943 1268 1018 Gemma

213 1046 380 1124 fuiiiferae
417 1045 449 1115 ἃ
481 1045 703 1116 amentiferre
738 1045 810 1115 hoc
842 1045 1002 1131 docent3
1032 1045 1113 1115 narn'
1140 1041 1268 1114 utrius·

215 1167 283 1239 que
327 1161 545 1234 gemmarum
590 1141 737 1232 squnmae
777 1142 917 1232 quidem
950 1141 1133 1214 srnrillimae
1171 1139 1268 1225 sunt,

217 1241 447 1334 ejusdemque
491 1239 646 1328 indolis,
683 1253 803 1311 earnun
844 1241 969 1316 harum
1010 1238 1205 1312 interiores
1237 1239 1270 1310 in

216 1340 368 1439 gemmis
414 1337 637 1409 arnentiferis
672 1339 807 1410 abeunt
852 1338 886 1410 in
923 1335 1080 1428 squamas
1115 1351 1271 1408 amenta·

216 1461 321 1522 ceas,
355 1435 391 1506 in
432 1435 598 1506 foliiferis
634 1451 754 1507 autem
786 1437 821 1507 in
853 1436 1009 1525 perfena
1040 1434 1139 1507 folia.
1192 1433 1272 1506 Flo·

217 1559 276 1610 res
307 1535 343 1605 in
376 1533 490 1602 axillis
523 1532 740 1622 squamarum
769 1534 902 1606 amenti
934 1533 1105 1606 videntur
1133 1532 1172 1605 in
1203 1532 1272 1604 hoc

219 1633 299 1708 casu
340 1627 554 1717 respondere
591 1631 781 1723 gemmulis
816 1652 860 1702 ex
897 1630 1069 1704 foliorum
1114 1630 1178 1703 aiis
1226 1628 1272 1702 se·

220 1727 344 1824 quenti
373 1748 468 1797 anno
496 1727 735 1817 germinandis
771 1723 829 1818 r):
868 1747 974 1820 qurum
1017 1743 1135 1800 autern
1171 1729 1272 1800 nune

220 1848 381 1925 gemmae
410 1826 620 1896 exoriantur
652 1826 694 1898 in
744 1825 919 1916 ejusmodi
969 1828 1021 1898 ala
1065 1825 1170 1910 folii,
1215 1823 1271 1897 ubi

221 1921 450 2001 fructificatio
478 1923 614 2016 prodiit
636 1916 696 2014 s),
724 1925 807 1998 hinc
830 1921 1075 2012 fruiiificatio,
1092 1936 1271 2015 tamquam

1133 2075 1135 2078 -
1168 2023 1267 2094 herba

226 2155 1055 2180 q———n-n-——n—-auun——uu—

262 2225 293 2299 r)
316 2223 480 2282 observatu
509 2219 642 2292 proferto
666 2217 821 2290 dignissima
855 2215 894 2276 est
921 2215 1072 2276 Foliorum
1099 2215 1274 2293 Florumque

223 2323 259 2367 ex
287 2306 406 2380 gemmis
441 2301 617 2373 produciiu:
652 2298 762 2356 Natura
790 2300 864 2356 enirn
893 2312 1018 2358 maturat
1041 2303 1276 2374 vegetationem,

225 2390 272 2448 cui
297 2387 413 2446 tandem
440 2380 625 2440 fruetificatio
648 2381 799 2437 terminum
828 2381 961 2450 imponat
1013 2379 1057 2440 Sit
1084 2395 1110 2445 e.
1134 2398 1179 2454 gr.
1204 2381 1276 2460 My-

223 2469 306 2540 rice,
332 2461 433 2542 Populi
457 2464 506 2518 vel
531 2459 637 2519 Satiris
656 2477 751 2518 rerrrux
771 2462 850 2518 foliis
868 2475 988 2518 ornarua
1006 2474 1094 2540 1749.
1115 2476 1183 2520 cunr
1198 2478 1277 2536 gern-

222 2550 277 2607 ruia
302 2563 338 2604 ex
365 2544 481 2614 ringens
500 2542 573 2607 alis,
596 2557 662 2612 qnae
684 2543 885 2614 germinabunt
901 2558 999 2622 17503
1024 2558 1039 2600 e
1060 2545 1182 2616 gemmis
1203 2545 1281 2600 enin

224 2622 426 2707 vegetantibus
447 2639 542 2679 ramus
561 2637 627 2678 curn
654 2621 732 2678 foliis
763 2623 914 2693 prodibitz
937 2638 951 2678 e
973 2624 1094 2696 gemmis
1125 2639 1202 2683 vero
1223 2619 1279 2697 fle-

222 2705 351 2772 rentibus
375 2703 502 2775 exsurgit
523 2703 629 2759 amenti
652 2701 779 2770 Rachia,
802 2717 867 2759 curn
890 2701 1014 2775 iilurrnia
1034 2705 1192 2777 calycinis,
1210 2719 1280 2780 qua·

223 2804 286 2848 rurn
309 2784 418 2843 Rachia
442 2799 542 2853 ramo,
565 2783 692 2858 i'quarnae
712 2782 792 2841 foliis
814 2783 1001 2854 respondent.
1044 2786 1192 2858 Genrnrae,
1215 2799 1280 2860 qua

225 2869 427 2942 germinabunt
462 2882 532 2942 rr5r
570 2863 717 2936 prodeunt
740 2880 774 2922 ex
804 2866 858 2922 alia
887 2863 1148 2948 foliorum.r750,
1183 2867 1281 2926 Flore·

224 2965 298 3010 vero
320 2964 356 3008 ex
376 2947 500 3020 squamis
518 2945 623 3002 arnenri
647 2947 712 3002 anni
731 2959 828 3020 1750,
856 2945 1032 3014 respondent
1057 2949 1181 3021 gemmia
1207 2961 1282 3006 anno

226 3046 301 3114 1751
331 3027 525 3099 explicandis.
575 3025 720 3098 Adeoque
750 3041 848 3082 annuo
879 3024 971 3097 sperio
997 3027 1079 3100 prior
1111 3029 1151 3086 est
1178 3029 1282 3102 germi-

224 3114 306 3174 natio
334 3107 599 3174 iustificationis,
632 3121 717 3178 quarn
738 3105 899 3164 Foliorum.
951 3109 979 3164 Si
1003 3111 1211 3178 praecociorea
1234 3110 1283 3168 iio·

224 3210 290 3265 rea,
315 3206 348 3250 ut
373 3204 495 3264 gemmae
519 3204 577 3246 non
603 3188 759 3258 explicatae
780 3187 980 3245 conriderandi
1000 3188 1074 3259 int,
1102 3191 1153 3265 qui
1195 3191 1283 3248 emine

226 3275 331 3334 eodem
361 3289 437 3330 anno
464 3283 627 3334 maturant,
656 3269 820 3342 eodemque
849 3285 925 3325 anno
948 3285 1001 3340 per
1025 3285 1129 3330 terreor
1186 3271 1284 3330 iffeni·

225 3370 314 3425 nant,
344 3366 376 3411 ut
405 3366 438 3408 ea
467 3349 526 3420 ipsa
552 3351 713 3422 germinent
734 3350 860 3420 sequerri
883 3367 979 3417 anno,
1011 3351 1126 3409 videbis
1149 3363 1285 3410 nature!

224 3434 387 3494 festinando
408 3433 518 3503 aperire
537 3433 565 3486 in
582 3429 806 3487 frunisrcatione
824 3429 954 3502 i'quarnas
973 3434 1134 3491 exteriores
1147 3445 1285 3505 gemme.

227 3517 302 3574 adeo
331 3529 363 3572 ur
388 3513 560 3588 germinatio
586 3527 602 3568 e
633 3510 738 3567 semine
764 3526 797 3567 ex
820 3511 898 3567 omni
924 3527 1005 3578 parre
1023 3512 1205 3584 respondeat
1224 3527 1287 3588 ger·

226 3595 378 3654 minutioni
417 3593 576 3660 soliorum
608 3589 708 3650 herbae
740 3590 827 3664 igitur
852 3593 1034 3652 continuarae
1060 3593 1089 3652 ἀ
1111 3603 1288 3670 propagent

227 3689 343 3736 toaexae
369 3675 510 3732 evadunt.

267 3772 295 3848 s)
319 3775 440 3832 Gemina
465 3777 581 3840 omnis,
610 3784 643 3828 ur
661 3769 808 3843 diximus,
830 3771 879 3828 vei
900 3769 980 3832 foliis
1008 3777 1058 3836 vel
1076 3775 1205 3834 floribus
1226 3783 1288 3846 gru·

227 3856 297 3974 vide
320 3855 369 3922 eii.
420 3853 494 3912 Cura
520 3866 632 3928 gemme
656 3851 784 3913 soliifere
810 3851 883 3912 folia
905 3857 1053 3957 explicet!
1087 3855 1290 4000 emergi-rma
