2604 4788
208 231 277 312 278
327 125 344 180 ⁸
576 211 902 292 srtncuuuu.

211 415 293 469 cum
315 416 390 470 non
412 397 539 488 procul
566 417 585 468 a
609 397 742 483 domo,
773 395 920 466 Tiomicls
942 385 1057 479 diua,
1087 383 1267 479 cujusdam

210 492 462 581 Novaccolae,
483 495 525 565 ad
552 495 698 565 arbores
721 491 848 583 palude
865 488 1016 578 sepultas
1037 485 1262 578 putridasque

212 589 370 665 nostram
390 593 546 682 plantam
568 591 713 682 copiose
731 587 950 660 crescentem
969 581 1164 674 conspexi.
1193 582 1257 654 Pau·

213 689 266 762 cis
298 687 494 779 interjedlis
534 689 681 773 diebus,
724 705 888 759 montem
933 683 1093 775 alpinum
1141 683 1256 756 Snirrd

214 785 482 872 conscendens,
528 786 747 878 vegetabilis
794 783 909 872 alpina
952 780 1196 872 quaesltul'us‚
1232 778 1263 848 ad

213 884 319 974 ipsius
341 882 478 955 montis
501 885 594 956 latus
617 882 767 955 eandem
785 879 933 966 inveni,
959 877 1201 970 quaedeiudc
1218 875 1265 948 sub

213 994 302 1058 toto
327 980 458 1053 itinere
486 981 601 1053 oculis
630 981 721 1052 meis
753 978 822 1051 sese
852 975 1042 1062 subduxit,
1074 974 1203 1048 donec
1223 995 1268 1044 re·

214 1078 379 1151 vertenti
413 1077 459 1149 ad
497 1078 608 1170 ripam
650 1079 749 1149 lacus
792 1073 1079 1160 Purkiaurenlis‚
1130 1073 1270 1146 milliare

214 1195 325 1249 unum
353 1197 434 1250 cum
458 1176 607 1249 dimidio
634 1175 811 1262 atemplo
830 1170 1130 1268 Jockmocksenli
1152 1170 1271 1242 distau-
1297 1213 1298 1242 l

216 1287 314 1361 tem,
353 1275 484 1347 iterum
504 1274 687 1359 occurrit;
727 1271 863 1344 Tribus
886 1269 979 1343 hisce
997 1269 1089 1342 locis
1111 1267 1269 1362 adparuit
1297 1259 1298 1292 *

215 1371 455 1461 pulcherrima
474 1371 773 1457 frucllficatione3
799 1389 926 1443 verum
945 1381 1070 1460 quarta
1085 1367 1181 1440 vice
1199 1387 1270 1438 cau·

215 1471 269 1540 les
302 1461 512 1560 pedunculis
544 1469 703 1540 destituti
732 1469 827 1541 circa
860 1467 1015 1540 medium
1046 1465 1208 1560 Augusti
1236 1462 1270 1536 ad

216 1567 321 1737 lsittus
352 1568 425 1737 osris
459 1568 561 1642 fluvii
590 1566 784 1642 Calicenfis
813 1567 850 1639 in
879 1567 1146 1660 Westruletbnic
1179 1581 1270 1637 ame

232 1676 299 1738 unt
328 1665 404 1737 vir.
497 1721 507 1748 ,

257 1901 530 1980 .Occaslonem
562 1905 683 1995 itaque
712 1905 817 1992 huius
850 1924 914 1998 per
938 1923 1067 1977 omnes
1098 1917 1229 1976 aetates
1253 1921 1269 1972 a

218 1999 333 2095 prima
369 2003 522 2076 infantia
552 2003 594 2074 ad
622 2003 796 2077 senesiam
830 2023 941 2092 usque
975 1999 1265 2091 decrepitam'in·

219 2096 430 2188 spiciendae,
463 2102 704 2176 examinanda
736 2101 769 2172 &
797 2099 1012 2174 sufficienter
1037 2097 1261 2172 describenda

221 2194 328 2269 habui
363 2198 603 2273 seliciffimam.
658 2199 764 2271 Hisce
788 2197 1110 2272 observationibus
1139 2197 1261 2272 iunixus

220 2313 297 2366 non
328 2297 440 2370 modo
474 2298 615 2384 dicere,
648 2297 811 2370 Muscum
838 2299 934 2368 bunc
959 2293 1193 2382 describere,
1213 2313 1266 2366 no·

221 2411 308 2464 vum
356 2396 465 2468 etiam
507 2396 666 2469 condere
707 2417 845 2487 genus,
892 2405 999 2485 atque
1036 2393 1269 2467 characterem

222 2487 412 2581 imponere
440 2493 512 2566 sum
547 2494 658 2566 ausus.
712 2493 764 2565 Ut
794 2507 913 2564 autem
948 2513 1076 2564 omnes
1111 2486 1269 2564 Botanici

223 2587 475 2681 cognitionem
507 2592 609 2682 hujus
642 2590 769 2680 speciei
804 2589 1037 2663 sufficientem
1076 2589 1110 2662 dt
1151 2591 1272 2664 claram

225 2683 445 2773 obtineant,
486 2689 672 2781 adjungam
704 2688 984 2780 descriptionem
1000 2687 1214 2764 secundum
1231 2689 1274 2760 le·

187 2847 194 2864 ,
224 2800 287 2876 ges
319 2784 508 2859 botanicas
538 2786 676 2860 sesiam.

435 3020 554 3115 (Mas.
586 3024 663 3120 Fig.
681 3023 708 3102 l.
740 3047 770 3098 1.
795 3051 827 3100 2.
848 3049 882 3118 3.
902 3047 936 3115 4.
956 3047 990 3116 ς.
1009 3017 1067 3118 7.)

231 3195 412 3274 RADIX
433 3197 583 3290 librosa,
606 3201 931 3304 perpendicularis,
964 3203 1026 3277 vix
1051 3203 1232 3278 ramosa·

232 3341 430 3416 CAULIS
458 3342 745 3435 simplicissimus,
782 3346 954 3434 soliacus,
983 3343 1120 3433 resins,
1157 3369 1275 3442 peren·

277 3441 356 3529 nis,
386 3456 504 3524 teres,
535 3441 680 3535 glaber,
707 3444 936 3538 longitudine
961 3441 1097 3514 dimidii
1124 3445 1274 3540 pollicis,

278 3536 457 3612 interdum
487 3540 588 3611 lineae
611 3541 839 3614 latitudinem
867 3542 927 3613 vix
952 3540 1129 3632 superaus.

229 3671 396 3748 FOLIA
421 3675 556 3774 sparsa3
581 3681 709 3774 summa
739 3680 919 3755 dimidiam
951 3679 1062 3754 caulis
1087 3678 1275 3776 longitudi-

276 3793 357 3848 nem
385 3773 638 3874 adtingentia,
671 3777 825 3854 obverse
859 3795 997 3870 ovata,
1028 3778 1273 3889 integerrima,

1198 3893 1272 3952 rnu-
