<?xml version="1.0" encoding="UTF-8"?>
<!DOCTYPE html PUBLIC "-//W3C//DTD XHTML 1.0 Transitional//EN"
    "http://www.w3.org/TR/xhtml1/DTD/xhtml1-transitional.dtd">
<html xmlns="http://www.w3.org/1999/xhtml" xml:lang="en" lang="en">
 <head>
  <title>
</title>
<meta http-equiv="Content-Type" content="text/html;charset=utf-8" />
  <meta name='ocr-system' content='tesseract 3.04.00' />
  <meta name='ocr-capabilities' content='ocr_page ocr_carea ocr_par ocr_line ocrx_word'/>
</head>
<body>
  <div class='ocr_page' id='page_1' title='image "./carolialinnequi06schrgoog_0431.png"; bbox 0 0 2560 4778; ppageno 0'>
   <div class='ocr_carea' id='block_1_1' title="bbox 196 223 1079 318">
    <p class='ocr_par' dir='ltr' id='par_1_1' title="bbox 196 223 1079 318">
     <span class='ocr_line' id='line_1_1' title="bbox 196 223 1079 318; baseline 0.005 -16"><span class='ocrx_word' id='word_1_1' title='bbox 196 247 269 318; x_wconf 77' lang='lat'>442</span> <span class='ocrx_word' id='word_1_2' title='bbox 387 223 457 304; x_wconf 88' lang='lat' dir='ltr'>DE</span> <span class='ocrx_word' id='word_1_3' title='bbox 489 223 726 301; x_wconf 84' lang='lat' dir='ltr'>TELLURE</span> <span class='ocrx_word' id='word_1_4' title='bbox 755 227 1079 308; x_wconf 81' lang='lat' dir='ltr'><strong>HABITABILI.</strong></span> 
     </span>
    </p>
   </div>
   <div class='ocr_carea' id='block_1_2' title="bbox 101 405 1242 4139">
    <p class='ocr_par' dir='ltr' id='par_1_2' title="bbox 198 405 1237 989">
     <span class='ocr_line' id='line_1_2' title="bbox 198 405 1231 503; baseline 0.006 -21"><span class='ocrx_word' id='word_1_5' title='bbox 198 428 256 503; x_wconf 77' lang='lat'>33.</span> <span class='ocrx_word' id='word_1_6' title='bbox 291 407 459 482; x_wconf 83' lang='lat' dir='ltr'>Bothniae</span> <span class='ocrx_word' id='word_1_7' title='bbox 495 405 796 500; x_wconf 81' lang='lat' dir='ltr'>septentrionalis</span> <span class='ocrx_word' id='word_1_8' title='bbox 837 411 969 486; x_wconf 75' lang='lat' dir='ltr'>incole</span> <span class='ocrx_word' id='word_1_9' title='bbox 999 415 1049 488; x_wconf 83' lang='lat' dir='ltr'>‘in</span> <span class='ocrx_word' id='word_1_10' title='bbox 1089 413 1231 503; x_wconf 68' lang='lat' dir='ltr'>rapidas</span> 
     </span>
     <span class='ocr_line' id='line_1_3' title="bbox 246 506 1220 608; baseline 0.004 -28"><span class='ocrx_word' id='word_1_11' title='bbox 246 507 508 595; x_wconf 83' lang='lat' dir='ltr'>observarunt,</span> <span class='ocrx_word' id='word_1_12' title='bbox 535 506 741 580; x_wconf 81' lang='lat' dir='ltr'>decrescere</span> <span class='ocrx_word' id='word_1_13' title='bbox 767 509 873 608; x_wconf 70' lang='lat' dir='ltr'>Mare</span> <span class='ocrx_word' id='word_1_14' title='bbox 905 533 1041 586; x_wconf 87' lang='lat' dir='ltr'>eorum</span> <span class='ocrx_word' id='word_1_15' title='bbox 1079 513 1220 584; x_wconf 66' lang='lat' dir='ltr'>decania</span> 
     </span>
     <span class='ocr_line' id='line_1_4' title="bbox 244 605 1227 703; baseline 0.006 -26"><span class='ocrx_word' id='word_1_16' title='bbox 244 605 379 700; x_wconf 80' lang='lat' dir='ltr'>digitos</span> <span class='ocrx_word' id='word_1_17' title='bbox 406 629 439 693; x_wconf 80' lang='lat'>4.</span> <span class='ocrx_word' id='word_1_18' title='bbox 469 605 531 679; x_wconf 90' lang='lat' dir='ltr'>lin.</span> <span class='ocrx_word' id='word_1_19' title='bbox 548 629 606 695; x_wconf 86' lang='lat'>5.;</span> <span class='ocrx_word' id='word_1_20' title='bbox 638 605 721 678; x_wconf 92' lang='lat' dir='ltr'>hinc</span> <span class='ocrx_word' id='word_1_21' title='bbox 746 609 912 698; x_wconf 89' lang='lat' dir='ltr'>quolibet</span> <span class='ocrx_word' id='word_1_22' title='bbox 939 609 1072 682; x_wconf 88' lang='lat' dir='ltr'>seculo</span> <span class='ocrx_word' id='word_1_23' title='bbox 1098 611 1227 703; x_wconf 68' lang='lat' dir='ltr'>pedesq</span> 
     </span>
     <span class='ocr_line' id='line_1_5' title="bbox 245 703 1237 800; baseline 0.004 -24"><span class='ocrx_word' id='word_1_24' title='bbox 245 703 430 796; x_wconf 80' lang='lat' dir='ltr'>&amp;digitos</span> <span class='ocrx_word' id='word_1_25' title='bbox 450 725 484 791; x_wconf 75' lang='grc' dir='ltr'>ς.</span> <span class='ocrx_word' id='word_1_26' title='bbox 512 703 711 793; x_wconf 84' lang='lat' dir='ltr'>procidere.</span> <span class='ocrx_word' id='word_1_27' title='bbox 767 703 971 780; x_wconf 86' lang='lat' dir='ltr'>Secundum</span> <span class='ocrx_word' id='word_1_28' title='bbox 1000 731 1120 800; x_wconf 89' lang='lat' dir='ltr'>quern</span> <span class='ocrx_word' id='word_1_29' title='bbox 1146 711 1237 780; x_wconf 72' lang='lat' dir='ltr'>calcu-</span> 
     </span>
     <span class='ocr_line' id='line_1_6' title="bbox 242 804 1234 896; baseline 0.003 -21"><span class='ocrx_word' id='word_1_30' title='bbox 242 804 317 875; x_wconf 89' lang='lat' dir='ltr'>lum</span> <span class='ocrx_word' id='word_1_31' title='bbox 340 815 425 873; x_wconf 87' lang='lat' dir='ltr'>ante</span> <span class='ocrx_word' id='word_1_32' title='bbox 447 807 556 874; x_wconf 89' lang='lat'>6000.</span> <span class='ocrx_word' id='word_1_33' title='bbox 579 823 694 874; x_wconf 88' lang='lat' dir='ltr'>annos</span> <span class='ocrx_word' id='word_1_34' title='bbox 714 825 796 892; x_wconf 82' lang='lat'>240.</span> <span class='ocrx_word' id='word_1_35' title='bbox 821 806 973 896; x_wconf 91' lang='lat' dir='ltr'>pedibus</span> <span class='ocrx_word' id='word_1_36' title='bbox 998 809 1119 881; x_wconf 83' lang='lat' dir='ltr'>altius</span> <span class='ocrx_word' id='word_1_37' title='bbox 1141 807 1234 880; x_wconf 74' lang='lat' dir='ltr'>naret</span> 
     </span>
     <span class='ocr_line' id='line_1_7' title="bbox 243 896 910 989; baseline 0.001 -17"><span class='ocrx_word' id='word_1_38' title='bbox 243 922 386 988; x_wconf 86' lang='lat' dir='ltr'>aequor,</span> <span class='ocrx_word' id='word_1_39' title='bbox 413 921 515 989; x_wconf 89' lang='lat' dir='ltr'>quam</span> <span class='ocrx_word' id='word_1_40' title='bbox 534 900 644 972; x_wconf 92' lang='lat' dir='ltr'>hodie</span> <span class='ocrx_word' id='word_1_41' title='bbox 661 899 713 972; x_wconf 89' lang='lat' dir='ltr'>est</span> <span class='ocrx_word' id='word_1_42' title='bbox 738 896 791 989; x_wconf 89' lang='lat' dir='ltr'>d).</span> <span class='ocrx_word' id='word_1_43' title='bbox 908 912 910 916; x_wconf 83' lang='grc'><strong>’</strong></span> 
     </span>
    </p>

    <p class='ocr_par' dir='ltr' id='par_1_3' title="bbox 196 996 1237 1186">
     <span class='ocr_line' id='line_1_8' title="bbox 196 996 1237 1096; baseline 0.008 -27"><span class='ocrx_word' id='word_1_44' title='bbox 196 1021 255 1092; x_wconf 82' lang='lat'>34.</span> <span class='ocrx_word' id='word_1_45' title='bbox 278 998 318 1070; x_wconf 91' lang='lat' dir='ltr'>ln</span> <span class='ocrx_word' id='word_1_46' title='bbox 342 996 509 1070; x_wconf 84' lang='lat' dir='ltr'>altiffimls</span> <span class='ocrx_word' id='word_1_47' title='bbox 535 998 721 1072; x_wconf 86' lang='lat' dir='ltr'>montibus</span> <span class='ocrx_word' id='word_1_48' title='bbox 747 999 908 1072; x_wconf 84' lang='lat' dir='ltr'>calcariis</span> <span class='ocrx_word' id='word_1_49' title='bbox 939 1022 1066 1096; x_wconf 82' lang='lat' dir='ltr'>prope</span> <span class='ocrx_word' id='word_1_50' title='bbox 1092 1001 1237 1094; x_wconf 65' lang='lat' dir='ltr'>senfin</span> 
     </span>
     <span class='ocr_line' id='line_1_9' title="bbox 244 1094 924 1186; baseline 0.003 -18"><span class='ocrx_word' id='word_1_51' title='bbox 244 1094 396 1170; x_wconf 83' lang='lat' dir='ltr'>infinitae</span> <span class='ocrx_word' id='word_1_52' title='bbox 414 1098 538 1186; x_wconf 87' lang='lat' dir='ltr'>jacent</span> <span class='ocrx_word' id='word_1_53' title='bbox 561 1095 790 1170; x_wconf 88' lang='lat' dir='ltr'>Concharum</span> <span class='ocrx_word' id='word_1_54' title='bbox 815 1097 924 1170; x_wconf 77' lang='lat' dir='ltr'>teste.</span> 
     </span>
    </p>

    <p class='ocr_par' dir='ltr' id='par_1_4' title="bbox 237 1193 1237 1468">
     <span class='ocr_line' id='line_1_10' title="bbox 294 1193 1235 1291; baseline 0.001 -25"><span class='ocrx_word' id='word_1_55' title='bbox 294 1193 445 1266; x_wconf 84' lang='lat' dir='ltr'>Calcarii</span> <span class='ocrx_word' id='word_1_56' title='bbox 464 1211 588 1267; x_wconf 83' lang='lat' dir='ltr'>montes</span> <span class='ocrx_word' id='word_1_57' title='bbox 600 1195 817 1291; x_wconf 77' lang='lat' dir='ltr'>Ratoicanses</span> <span class='ocrx_word' id='word_1_58' title='bbox 838 1197 872 1266; x_wconf 84' lang='lat' dir='ltr'>dt</span> <span class='ocrx_word' id='word_1_59' title='bbox 891 1198 1015 1272; x_wconf 81' lang='lat' dir='ltr'>Dalici</span> <span class='ocrx_word' id='word_1_60' title='bbox 1031 1196 1235 1271; x_wconf 73' lang='lat' dir='ltr'>concharum</span> 
     </span>
     <span class='ocr_line' id='line_1_11' title="bbox 239 1293 1237 1388; baseline 0.003 -23"><span class='ocrx_word' id='word_1_61' title='bbox 239 1293 277 1368; x_wconf 91' lang='lat' dir='ltr'>in</span> <span class='ocrx_word' id='word_1_62' title='bbox 308 1309 449 1386; x_wconf 87' lang='lat' dir='ltr'>petram</span> <span class='ocrx_word' id='word_1_63' title='bbox 482 1293 736 1369; x_wconf 88' lang='lat' dir='ltr'>conversarum</span> <span class='ocrx_word' id='word_1_64' title='bbox 769 1295 803 1367; x_wconf 79' lang='lat' dir='ltr'>ua</span> <span class='ocrx_word' id='word_1_65' title='bbox 835 1293 1142 1370; x_wconf 88' lang='lat' dir='ltr'>Orthocerotum</span> <span class='ocrx_word' id='word_1_66' title='bbox 1163 1293 1237 1388; x_wconf 84' lang='lat' dir='ltr'>pleni</span> 
     </span>
     <span class='ocr_line' id='line_1_12' title="bbox 237 1392 331 1468; baseline -0.064 0"><span class='ocrx_word' id='word_1_67' title='bbox 237 1392 331 1468; x_wconf 88' lang='lat' dir='ltr'>sunt.</span> 
     </span>
    </p>

    <p class='ocr_par' dir='ltr' id='par_1_5' title="bbox 240 1486 1242 1778">
     <span class='ocr_line' id='line_1_13' title="bbox 295 1486 1242 1584; baseline 0.001 -21"><span class='ocrx_word' id='word_1_68' title='bbox 295 1491 426 1563; x_wconf 81' lang='lat' dir='ltr'>Harmas</span> <span class='ocrx_word' id='word_1_69' title='bbox 461 1493 643 1564; x_wconf 76' lang='lat' dir='ltr'>canehuces</span> <span class='ocrx_word' id='word_1_70' title='bbox 679 1488 717 1562; x_wconf 89' lang='lat' dir='ltr'>in</span> <span class='ocrx_word' id='word_1_71' title='bbox 756 1486 939 1584; x_wconf 86' lang='lat' dir='ltr'>Helsrngia</span> <span class='ocrx_word' id='word_1_72' title='bbox 974 1489 1176 1584; x_wconf 81' lang='lat' dir='ltr'>frequens,</span> <span class='ocrx_word' id='word_1_73' title='bbox 1205 1511 1242 1564; x_wconf 81' lang='lat' dir='ltr'>er</span> 
     </span>
     <span class='ocr_line' id='line_1_14' title="bbox 240 1587 1237 1682; baseline 0.001 -21"><span class='ocrx_word' id='word_1_74' title='bbox 240 1587 453 1682; x_wconf 78' lang='lat' dir='ltr'>fragmentis</span> <span class='ocrx_word' id='word_1_75' title='bbox 474 1589 727 1680; x_wconf 87' lang='lat' dir='ltr'>Mytulorum,</span> <span class='ocrx_word' id='word_1_76' title='bbox 757 1587 818 1660; x_wconf 92' lang='lat' dir='ltr'>seu</span> <span class='ocrx_word' id='word_1_77' title='bbox 834 1587 1068 1664; x_wconf 82' lang='lat' dir='ltr'>concharum</span> <span class='ocrx_word' id='word_1_78' title='bbox 1094 1590 1237 1664; x_wconf 81' lang='lat' dir='ltr'>sulciac-</span> 
     </span>
     <span class='ocr_line' id='line_1_15' title="bbox 241 1679 764 1778; baseline 0.004 -20"><span class='ocrx_word' id='word_1_79' title='bbox 241 1687 329 1758; x_wconf 88' lang='lat' dir='ltr'>loris</span> <span class='ocrx_word' id='word_1_80' title='bbox 352 1701 434 1758; x_wconf 85' lang='lat' dir='ltr'>tora</span> <span class='ocrx_word' id='word_1_81' title='bbox 459 1688 694 1778; x_wconf 84' lang='lat' dir='ltr'>componitur</span> <span class='ocrx_word' id='word_1_82' title='bbox 716 1679 764 1775; x_wconf 83' lang='lat' dir='ltr'>a).</span> 
     </span>
    </p>

    <p class='ocr_par' dir='ltr' id='par_1_6' title="bbox 239 1780 1233 1968">
     <span class='ocr_line' id='line_1_16' title="bbox 288 1780 1233 1879; baseline 0.003 -24"><span class='ocrx_word' id='word_1_83' title='bbox 288 1785 366 1879; x_wconf 84' lang='lat' dir='ltr'>Jam</span> <span class='ocrx_word' id='word_1_84' title='bbox 406 1805 498 1856; x_wconf 86' lang='lat' dir='ltr'>vero</span> <span class='ocrx_word' id='word_1_85' title='bbox 533 1805 662 1857; x_wconf 87' lang='lat' dir='ltr'>omnes</span> <span class='ocrx_word' id='word_1_86' title='bbox 696 1795 857 1872; x_wconf 87' lang='lat' dir='ltr'>norunt,</span> <span class='ocrx_word' id='word_1_87' title='bbox 893 1780 983 1857; x_wconf 90' lang='lat' dir='ltr'>non&#39;</span> <span class='ocrx_word' id='word_1_88' title='bbox 1004 1783 1233 1878; x_wconf 82' lang='lat' dir='ltr'>aridum,sed</span> 
     </span>
     <span class='ocr_line' id='line_1_17' title="bbox 239 1880 1231 1968; baseline 0.002 -12"><span class='ocrx_word' id='word_1_89' title='bbox 239 1904 337 1956; x_wconf 85' lang='lat' dir='ltr'>mare</span> <span class='ocrx_word' id='word_1_90' title='bbox 361 1884 482 1954; x_wconf 86' lang='lat' dir='ltr'>harum</span> <span class='ocrx_word' id='word_1_91' title='bbox 507 1883 726 1955; x_wconf 87' lang='lat' dir='ltr'>concharum</span> <span class='ocrx_word' id='word_1_92' title='bbox 751 1880 821 1954; x_wconf 82' lang='lat' dir='ltr'>else</span> <span class='ocrx_word' id='word_1_93' title='bbox 845 1883 1096 1958; x_wconf 86' lang='lat' dir='ltr'>elementum.</span> <span class='ocrx_word' id='word_1_94' title='bbox 1228 1961 1231 1968; x_wconf 73' lang='grc'><em>,</em></span> 
     </span>
    </p>

    <p class='ocr_par' dir='ltr' id='par_1_7' title="bbox 291 1979 1229 2075">
     <span class='ocr_line' id='line_1_18' title="bbox 291 1979 1229 2075; baseline 0 -23"><span class='ocrx_word' id='word_1_95' title='bbox 291 1980 374 2054; x_wconf 86' lang='lat' dir='ltr'>Nec</span> <span class='ocrx_word' id='word_1_96' title='bbox 397 1980 570 2074; x_wconf 81' lang='lat' dir='ltr'>quispiam</span> <span class='ocrx_word' id='word_1_97' title='bbox 593 1982 759 2075; x_wconf 85' lang='lat' dir='ltr'>ignorat,</span> <span class='ocrx_word' id='word_1_98' title='bbox 785 1979 953 2053; x_wconf 87' lang='lat' dir='ltr'>Conchas</span> <span class='ocrx_word' id='word_1_99' title='bbox 984 1997 1055 2054; x_wconf 89' lang='lat' dir='ltr'>aut</span> <span class='ocrx_word' id='word_1_100' title='bbox 1077 1983 1229 2058; x_wconf 82' lang='lat' dir='ltr'>Coebleu</span> 
     </span>
    </p>

    <p class='ocr_par' dir='ltr' id='par_1_8' title="bbox 203 2076 1235 2272">
     <span class='ocr_line' id='line_1_19' title="bbox 203 2076 1235 2169; baseline 0.006 -23"><span class='ocrx_word' id='word_1_101' title='bbox 203 2135 208 2146; x_wconf 90' lang='lat'><strong>.</strong></span> <span class='ocrx_word' id='word_1_102' title='bbox 237 2100 366 2150; x_wconf 84' lang='lat' dir='ltr'>omncs</span> <span class='ocrx_word' id='word_1_103' title='bbox 394 2081 429 2152; x_wconf 92' lang='lat' dir='ltr'>in</span> <span class='ocrx_word' id='word_1_104' title='bbox 461 2091 560 2150; x_wconf 88' lang='lat' dir='ltr'>certa</span> <span class='ocrx_word' id='word_1_105' title='bbox 591 2101 610 2150; x_wconf 90' lang='lat' dir='ltr'>a</span> <span class='ocrx_word' id='word_1_106' title='bbox 638 2079 712 2169; x_wconf 91' lang='lat' dir='ltr'>ripa</span> <span class='ocrx_word' id='word_1_107' title='bbox 742 2076 927 2168; x_wconf 88' lang='lat' dir='ltr'>distantia,</span> <span class='ocrx_word' id='word_1_108' title='bbox 962 2101 1040 2152; x_wconf 86' lang='lat' dir='ltr'>nec</span> <span class='ocrx_word' id='word_1_109' title='bbox 1063 2103 1189 2157; x_wconf 83' lang='lat' dir='ltr'>ornnes</span> <span class='ocrx_word' id='word_1_110' title='bbox 1207 2077 1235 2152; x_wconf 90' lang='lat' dir='ltr'>iu</span> 
     </span>
     <span class='ocr_line' id='line_1_20' title="bbox 237 2176 1050 2272; baseline -0.01 -24"><span class='ocrx_word' id='word_1_111' title='bbox 237 2177 421 2272; x_wconf 86' lang='lat' dir='ltr'>profundo</span> <span class='ocrx_word' id='word_1_112' title='bbox 446 2178 553 2250; x_wconf 86' lang='lat' dir='ltr'>maris</span> <span class='ocrx_word' id='word_1_113' title='bbox 575 2176 748 2249; x_wconf 86' lang='lat' dir='ltr'>habitare.</span> <span class='ocrx_word' id='word_1_114' title='bbox 1046 2235 1050 2240; x_wconf 89' lang='lat'>.</span> 
     </span>
    </p>

    <p class='ocr_par' dir='ltr' id='par_1_9' title="bbox 101 2273 1239 2763">
     <span class='ocr_line' id='line_1_21' title="bbox 289 2273 1235 2372; baseline 0.003 -24"><span class='ocrx_word' id='word_1_115' title='bbox 289 2278 380 2369; x_wconf 88' lang='lat' dir='ltr'>Quis</span> <span class='ocrx_word' id='word_1_116' title='bbox 406 2297 480 2348; x_wconf 90' lang='lat' dir='ltr'>non</span> <span class='ocrx_word' id='word_1_117' title='bbox 508 2273 601 2346; x_wconf 88' lang='lat' dir='ltr'>vidit</span> <span class='ocrx_word' id='word_1_118' title='bbox 624 2274 755 2368; x_wconf 77' lang='lat' dir='ltr'>ejicere</span> <span class='ocrx_word' id='word_1_119' title='bbox 774 2295 871 2348; x_wconf 87' lang='lat' dir='ltr'>mare</span> <span class='ocrx_word' id='word_1_120' title='bbox 894 2274 991 2347; x_wconf 90' lang='lat' dir='ltr'>inter</span> <span class='ocrx_word' id='word_1_121' title='bbox 1009 2287 1235 2372; x_wconf 73' lang='lat' dir='ltr'>purgamenta</span> 
     </span>
     <span class='ocr_line' id='line_1_22' title="bbox 238 2370 1220 2471; baseline -0.002 -25"><span class='ocrx_word' id='word_1_122' title='bbox 238 2372 297 2446; x_wconf 87' lang='lat' dir='ltr'>sua</span> <span class='ocrx_word' id='word_1_123' title='bbox 319 2375 355 2446; x_wconf 90' lang='lat' dir='ltr'>in</span> <span class='ocrx_word' id='word_1_124' title='bbox 378 2373 480 2444; x_wconf 86' lang='lat' dir='ltr'>littus</span> <span class='ocrx_word' id='word_1_125' title='bbox 502 2389 730 2446; x_wconf 90' lang='lat' dir='ltr'>mortuorum</span> <span class='ocrx_word' id='word_1_126' title='bbox 749 2370 785 2444; x_wconf 84' lang='lat' dir='ltr'>T</span> <span class='ocrx_word' id='word_1_127' title='bbox 788 2373 1011 2448; x_wconf 82' lang='lat' dir='ltr'>estaceorunu</span> <span class='ocrx_word' id='word_1_128' title='bbox 1037 2373 1220 2471; x_wconf 75' lang='lat' dir='ltr'>tegmina?</span> 
     </span>
     <span class='ocr_line' id='line_1_23' title="bbox 191 2469 1239 2567; baseline 0 -23"><span class='ocrx_word' id='word_1_129' title='bbox 191 2495 250 2567; x_wconf 83' lang='lat'>35·</span> <span class='ocrx_word' id='word_1_130' title='bbox 276 2471 371 2544; x_wconf 91' lang='lat' dir='ltr'>Hinc</span> <span class='ocrx_word' id='word_1_131' title='bbox 389 2469 594 2564; x_wconf 82' lang='lat' dir='ltr'>colligimus</span> <span class='ocrx_word' id='word_1_132' title='bbox 612 2471 648 2544; x_wconf 90' lang='lat' dir='ltr'>in</span> <span class='ocrx_word' id='word_1_133' title='bbox 666 2471 870 2544; x_wconf 84' lang='lat' dir='ltr'>Dalelrarlia</span> <span class='ocrx_word' id='word_1_134' title='bbox 887 2472 1019 2565; x_wconf 85' lang='lat' dir='ltr'>uiginti</span> <span class='ocrx_word' id='word_1_135' title='bbox 1038 2476 1239 2548; x_wconf 81' lang='lat' dir='ltr'>milliaribus</span> 
     </span>
     <span class='ocr_line' id='line_1_24' title="bbox 101 2566 1239 2662; baseline 0 -21"><span class='ocrx_word' id='word_1_136' title='bbox 101 2593 104 2602; x_wconf 88' lang='lat'>·</span> <span class='ocrx_word' id='word_1_137' title='bbox 237 2591 258 2641; x_wconf 87' lang='lat' dir='ltr'>a</span> <span class='ocrx_word' id='word_1_138' title='bbox 273 2570 360 2642; x_wconf 89' lang='lat' dir='ltr'>mari</span> <span class='ocrx_word' id='word_1_139' title='bbox 379 2585 536 2662; x_wconf 87' lang='lat' dir='ltr'>remota,</span> <span class='ocrx_word' id='word_1_140' title='bbox 547 2571 633 2642; x_wconf 89' lang='lat' dir='ltr'>olim</span> <span class='ocrx_word' id='word_1_141' title='bbox 645 2566 748 2642; x_wconf 85' lang='lat' dir='ltr'>soille</span> <span class='ocrx_word' id='word_1_142' title='bbox 764 2572 857 2660; x_wconf 85' lang='lat' dir='ltr'>ripas</span> <span class='ocrx_word' id='word_1_143' title='bbox 873 2570 1239 2653; x_wconf 59' lang='lat' dir='ltr'>mansionumque</span> 
     </span>
     <span class='ocr_line' id='line_1_25' title="bbox 238 2665 1074 2763; baseline 0.002 -23"><span class='ocrx_word' id='word_1_144' title='bbox 238 2667 493 2761; x_wconf 88' lang='lat' dir='ltr'>&amp;ubicunque</span> <span class='ocrx_word' id='word_1_145' title='bbox 514 2665 681 2738; x_wconf 86' lang='lat' dir='ltr'>cellarum</span> <span class='ocrx_word' id='word_1_146' title='bbox 705 2667 886 2760; x_wconf 86' lang='lat' dir='ltr'>supersunt</span> <span class='ocrx_word' id='word_1_147' title='bbox 908 2666 1074 2763; x_wconf 86' lang='lat' dir='ltr'>vestigia.</span> 
     </span>
    </p>

    <p class='ocr_par' dir='ltr' id='par_1_10' title="bbox 528 2763 1076 2861">
     <span class='ocr_line' id='line_1_26' title="bbox 528 2763 1076 2861; baseline 0 -22"><span class='ocrx_word' id='word_1_148' title='bbox 528 2768 600 2839; x_wconf 83' lang='lat' dir='ltr'>vidi</span> <span class='ocrx_word' id='word_1_149' title='bbox 611 2763 721 2856; x_wconf 80' lang='lat' dir='ltr'>fassas</span> <span class='ocrx_word' id='word_1_150' title='bbox 744 2789 784 2838; x_wconf 80' lang='lat' dir='ltr'>ex</span> <span class='ocrx_word' id='word_1_151' title='bbox 806 2788 927 2861; x_wconf 78' lang='lat' dir='ltr'>equore</span> <span class='ocrx_word' id='word_1_152' title='bbox 944 2781 1076 2854; x_wconf 74' lang='lat' dir='ltr'>umas,</span> 
     </span>
    </p>

    <p class='ocr_par' dir='ltr' id='par_1_11' title="bbox 288 2861 1138 2961">
     <span class='ocr_line' id='line_1_27' title="bbox 288 2861 1138 2961; baseline 0.004 -26"><span class='ocrx_word' id='word_1_153' title='bbox 288 2861 338 2935; x_wconf 84' lang='lat' dir='ltr'>Et</span> <span class='ocrx_word' id='word_1_154' title='bbox 354 2868 470 2960; x_wconf 84' lang='lat' dir='ltr'>procul</span> <span class='ocrx_word' id='word_1_155' title='bbox 495 2888 515 2936; x_wconf 86' lang='lat' dir='ltr'>a</span> <span class='ocrx_word' id='word_1_156' title='bbox 536 2870 648 2961; x_wconf 82' lang='lat' dir='ltr'>pelago</span> <span class='ocrx_word' id='word_1_157' title='bbox 673 2869 796 2936; x_wconf 79' lang='lat' dir='ltr'>conche</span> <span class='ocrx_word' id='word_1_158' title='bbox 815 2867 946 2956; x_wconf 18' lang='lat' dir='ltr'>*jacam</span> <span class='ocrx_word' id='word_1_159' title='bbox 967 2873 1138 2952; x_wconf 78' lang='lat' dir='ltr'>marlae,</span> 
     </span>
    </p>

    <p class='ocr_par' dir='ltr' id='par_1_12' title="bbox 288 2962 1219 3057">
     <span class='ocr_line' id='line_1_28' title="bbox 288 2962 1219 3057; baseline 0.001 -24"><span class='ocrx_word' id='word_1_160' title='bbox 288 2964 338 3034; x_wconf 82' lang='lat' dir='ltr'>Er</span> <span class='ocrx_word' id='word_1_161' title='bbox 357 2977 450 3036; x_wconf 79' lang='lat' dir='ltr'>varus</span> <span class='ocrx_word' id='word_1_162' title='bbox 474 2970 608 3036; x_wconf 82' lang='lat' dir='ltr'>inuento</span> <span class='ocrx_word' id='word_1_163' title='bbox 628 2962 671 3048; x_wconf 76' lang='lat' dir='ltr'>cll</span> <span class='ocrx_word' id='word_1_164' title='bbox 687 2968 722 3033; x_wconf 87' lang='lat' dir='ltr'>in</span> <span class='ocrx_word' id='word_1_165' title='bbox 738 2966 898 3035; x_wconf 81' lang='lat' dir='ltr'>montibus</span> <span class='ocrx_word' id='word_1_166' title='bbox 917 2967 1062 3036; x_wconf 79' lang='lat' dir='ltr'>anchora</span> <span class='ocrx_word' id='word_1_167' title='bbox 1070 2966 1219 3057; x_wconf 68' lang='lat' dir='ltr'>summas.</span> 
     </span>
    </p>

    <p class='ocr_par' dir='ltr' id='par_1_13' title="bbox 190 3047 1239 3445">
     <span class='ocr_line' id='line_1_29' title="bbox 190 3047 1239 3154; baseline -0.005 -19"><span class='ocrx_word' id='word_1_168' title='bbox 190 3065 249 3154; x_wconf 79' lang='lat'>36.</span> <span class='ocrx_word' id='word_1_169' title='bbox 276 3062 348 3154; x_wconf 90' lang='lat' dir='ltr'>Qui</span> <span class='ocrx_word' id='word_1_170' title='bbox 378 3061 453 3133; x_wconf 81' lang='lat' dir='ltr'>lraec</span> <span class='ocrx_word' id='word_1_171' title='bbox 479 3060 602 3133; x_wconf 90' lang='lat' dir='ltr'>omnia</span> <span class='ocrx_word' id='word_1_172' title='bbox 629 3047 783 3132; x_wconf 84' lang='lat' dir='ltr'>Diluvio</span> <span class='ocrx_word' id='word_1_173' title='bbox 810 3059 998 3150; x_wconf 83' lang='lat' dir='ltr'>adscribit,</span> <span class='ocrx_word' id='word_1_174' title='bbox 1045 3063 1150 3153; x_wconf 90' lang='lat' dir='ltr'>quod</span> <span class='ocrx_word' id='word_1_175' title='bbox 1173 3062 1239 3133; x_wconf 88' lang='lat' dir='ltr'>cito</span> 
     </span>
     <span class='ocr_line' id='line_1_30' title="bbox 236 3157 1238 3253; baseline -0.003 -22"><span class='ocrx_word' id='word_1_176' title='bbox 236 3174 382 3246; x_wconf 88' lang='lat' dir='ltr'>orrum,</span> <span class='ocrx_word' id='word_1_177' title='bbox 410 3160 486 3229; x_wconf 89' lang='lat' dir='ltr'>cito</span> <span class='ocrx_word' id='word_1_178' title='bbox 502 3158 655 3247; x_wconf 86' lang='lat' dir='ltr'>transrit,</span> <span class='ocrx_word' id='word_1_179' title='bbox 680 3157 710 3229; x_wconf 91' lang='lat' dir='ltr'>is</span> <span class='ocrx_word' id='word_1_180' title='bbox 727 3157 891 3250; x_wconf 72' lang='lat' dir='ltr'>profesio</span> <span class='ocrx_word' id='word_1_181' title='bbox 908 3159 1130 3253; x_wconf 83' lang='lat' dir='ltr'>peregrinus</span> <span class='ocrx_word' id='word_1_182' title='bbox 1144 3158 1238 3231; x_wconf 84' lang='lat' dir='ltr'>estin</span> 
     </span>
     <span class='ocr_line' id='line_1_31' title="bbox 237 3254 1237 3350; baseline -0.006 -19"><span class='ocrx_word' id='word_1_183' title='bbox 237 3272 373 3332; x_wconf 86' lang='lat' dir='ltr'>naturae</span> <span class='ocrx_word' id='word_1_184' title='bbox 395 3256 633 3350; x_wconf 84' lang='lat' dir='ltr'>cognitione,</span> <span class='ocrx_word' id='word_1_185' title='bbox 660 3254 783 3346; x_wconf 86' lang='lat' dir='ltr'>&amp;ipse</span> <span class='ocrx_word' id='word_1_186' title='bbox 801 3276 922 3329; x_wconf 88' lang='lat' dir='ltr'>coecus</span> <span class='ocrx_word' id='word_1_187' title='bbox 945 3257 1107 3332; x_wconf 84' lang='lat' dir='ltr'>aliorum</span> <span class='ocrx_word' id='word_1_188' title='bbox 1134 3255 1237 3332; x_wconf 77' lang='lat' dir='ltr'>oculu</span> 
     </span>
     <span class='ocr_line' id='line_1_32' title="bbox 235 3353 658 3445; baseline -0.002 -18"><span class='ocrx_word' id='word_1_189' title='bbox 235 3355 362 3442; x_wconf 89' lang='lat' dir='ltr'>videt,</span> <span class='ocrx_word' id='word_1_190' title='bbox 392 3355 417 3427; x_wconf 88' lang='lat' dir='ltr'>sr</span> <span class='ocrx_word' id='word_1_191' title='bbox 439 3353 522 3445; x_wconf 92' lang='lat' dir='ltr'>quid</span> <span class='ocrx_word' id='word_1_192' title='bbox 544 3353 658 3426; x_wconf 88' lang='lat' dir='ltr'>videt.</span> 
     </span>
    </p>

    <p class='ocr_par' dir='ltr' id='par_1_14' title="bbox 190 3449 1237 3742">
     <span class='ocr_line' id='line_1_33' title="bbox 190 3449 1236 3548; baseline -0.003 -23"><span class='ocrx_word' id='word_1_193' title='bbox 190 3475 248 3548; x_wconf 85' lang='lat'>37.</span> <span class='ocrx_word' id='word_1_194' title='bbox 277 3454 383 3525; x_wconf 88' lang='lat' dir='ltr'>Mare</span> <span class='ocrx_word' id='word_1_195' title='bbox 404 3455 598 3544; x_wconf 87' lang='lat' dir='ltr'>quotannis</span> <span class='ocrx_word' id='word_1_196' title='bbox 613 3449 776 3524; x_wconf 90' lang='lat' dir='ltr'>redditur</span> <span class='ocrx_word' id='word_1_197' title='bbox 792 3450 1029 3545; x_wconf 88' lang='lat' dir='ltr'>profundius,</span> <span class='ocrx_word' id='word_1_198' title='bbox 1064 3451 1153 3527; x_wconf 91' lang='lat' dir='ltr'>dum</span> <span class='ocrx_word' id='word_1_199' title='bbox 1177 3467 1236 3523; x_wconf 81' lang='lat' dir='ltr'>ter·</span> 
     </span>
     <span class='ocr_line' id='line_1_34' title="bbox 234 3549 1237 3645; baseline -0.005 -21"><span class='ocrx_word' id='word_1_200' title='bbox 234 3573 331 3641; x_wconf 88' lang='lat' dir='ltr'>ram,</span> <span class='ocrx_word' id='word_1_201' title='bbox 365 3570 532 3638; x_wconf 84' lang='lat' dir='ltr'>arenam,</span> <span class='ocrx_word' id='word_1_202' title='bbox 562 3549 595 3622; x_wconf 80' lang='lat' dir='ltr'>dr</span> <span class='ocrx_word' id='word_1_203' title='bbox 620 3549 755 3641; x_wconf 87' lang='lat' dir='ltr'>lapides</span> <span class='ocrx_word' id='word_1_204' title='bbox 777 3551 812 3622; x_wconf 91' lang='lat' dir='ltr'>in</span> <span class='ocrx_word' id='word_1_205' title='bbox 836 3551 947 3639; x_wconf 88' lang='lat' dir='ltr'>ripam</span> <span class='ocrx_word' id='word_1_206' title='bbox 972 3551 1119 3645; x_wconf 84' lang='lat' dir='ltr'>egerit,</span> <span class='ocrx_word' id='word_1_207' title='bbox 1154 3549 1237 3622; x_wconf 83' lang='lat' dir='ltr'>unde</span> 
     </span>
     <span class='ocr_line' id='line_1_35' title="bbox 234 3647 1234 3742; baseline -0.007 -20"><span class='ocrx_word' id='word_1_208' title='bbox 234 3649 348 3723; x_wconf 88' lang='lat' dir='ltr'>solum</span> <span class='ocrx_word' id='word_1_209' title='bbox 367 3648 580 3738; x_wconf 88' lang='lat' dir='ltr'>latitudine,</span> <span class='ocrx_word' id='word_1_210' title='bbox 607 3648 712 3722; x_wconf 89' lang='lat' dir='ltr'>salum</span> <span class='ocrx_word' id='word_1_211' title='bbox 728 3649 978 3742; x_wconf 87' lang='lat' dir='ltr'>profunditate</span> <span class='ocrx_word' id='word_1_212' title='bbox 997 3649 1189 3738; x_wconf 87' lang='lat' dir='ltr'>accrescit,</span> <span class='ocrx_word' id='word_1_213' title='bbox 1209 3647 1234 3715; x_wconf 82' lang='lat' dir='ltr'>d·</span> 
     </span>
    </p>

    <p class='ocr_par' dir='ltr' id='par_1_15' title="bbox 227 3747 1229 4139">
     <span class='ocr_line' id='line_1_36' title="bbox 1127 3747 1229 3818; baseline -0.059 0"><span class='ocrx_word' id='word_1_214' title='bbox 1127 3747 1229 3818; x_wconf 84' lang='lat' dir='ltr'>locun</span> 
     </span>
     <span class='ocr_line' id='line_1_37' title="bbox 227 3950 1196 4044; baseline -0.001 -26"><span class='ocrx_word' id='word_1_215' title='bbox 227 3955 262 4031; x_wconf 79' lang='lat' dir='ltr'>d)</span> <span class='ocrx_word' id='word_1_216' title='bbox 289 3957 330 4016; x_wconf 87' lang='grc' dir='ltr'>Α.</span> <span class='ocrx_word' id='word_1_217' title='bbox 347 3950 431 4036; x_wconf 65' lang='lat' dir='ltr'>creſse</span> <span class='ocrx_word' id='word_1_218' title='bbox 448 3953 518 4016; x_wconf 90' lang='lat' dir='ltr'>Obs.</span> <span class='ocrx_word' id='word_1_219' title='bbox 539 3957 568 4014; x_wconf 91' lang='lat' dir='ltr'>in</span> <span class='ocrx_word' id='word_1_220' title='bbox 587 3955 653 4020; x_wconf 75' lang='lat' dir='ltr'>Ast.</span> <span class='ocrx_word' id='word_1_221' title='bbox 671 3954 767 4019; x_wconf 84' lang='lat' dir='ltr'>Acad.</span> <span class='ocrx_word' id='word_1_222' title='bbox 788 3955 838 4022; x_wconf 80' lang='lat' dir='ltr'>Sc,</span> <span class='ocrx_word' id='word_1_223' title='bbox 858 3955 973 4016; x_wconf 75' lang='lat' dir='ltr'>suecia</span> <span class='ocrx_word' id='word_1_224' title='bbox 989 3969 1084 4044; x_wconf 80' lang='lat'>1743.</span> <span class='ocrx_word' id='word_1_225' title='bbox 1109 3971 1196 4038; x_wconf 82' lang='lat' dir='ltr'>p.33.</span> 
     </span>
     <span class='ocr_line' id='line_1_38' title="bbox 227 4056 957 4139; baseline 0.004 -22"><span class='ocrx_word' id='word_1_226' title='bbox 227 4057 263 4138; x_wconf 85' lang='lat' dir='ltr'>e)</span> <span class='ocrx_word' id='word_1_227' title='bbox 286 4057 396 4120; x_wconf 82' lang='lat' dir='ltr'>Eadem</span> <span class='ocrx_word' id='word_1_228' title='bbox 417 4057 577 4133; x_wconf 76' lang='lat' dir='ltr'>quae&#39;List.</span> <span class='ocrx_word' id='word_1_229' title='bbox 598 4056 674 4134; x_wconf 75' lang='lat' dir='ltr'>angl.</span> <span class='ocrx_word' id='word_1_230' title='bbox 695 4073 763 4137; x_wconf 81' lang='lat'>132.</span> <span class='ocrx_word' id='word_1_231' title='bbox 785 4073 806 4120; x_wconf 89' lang='lat' dir='ltr'>t.</span> <span class='ocrx_word' id='word_1_232' title='bbox 817 4072 849 4139; x_wconf 86' lang='lat'>4.</span> <span class='ocrx_word' id='word_1_233' title='bbox 872 4057 957 4132; x_wconf 67' lang='lat' dir='ltr'>sss.</span> 
     </span>
    </p>
   </div>
   <div class='ocr_carea' id='block_1_3' title="bbox 0 0 1284 4778">
    <p class='ocr_par' dir='ltr' id='par_1_16' title="bbox 0 0 1284 4778">
     <span class='ocr_line' id='line_1_39' title="bbox 0 0 1284 4778; baseline 0 3"><span class='ocrx_word' id='word_1_234' title='bbox 0 0 1284 4778; x_wconf 95' lang='lat' dir='ltr'> </span> 
     </span>
    </p>
   </div>
  </div>
 </body>
</html>
