2604 4788
137 1515 143 1534 ·
243 1492 392 1567 'ratione
420 1490 642 1565 diversorum
670 1513 841 1589 generum
873 1490 908 1565 oc

239 253 310 335 ιρι
512 190 720 334 onmnfn
756 225 1021 306 antonum

246 447 254 462 r
306 434 348 507 3.
387 409 431 490 In
468 413 546 486 aliie
586 409 737 508 gemmis
779 409 928 502 squamae
966 404 1155 482 interiores
1181 404 1259 498 apice

237 510 358 589 uilloc
380 514 441 586 vel
466 509 595 586 trifidae
618 506 731 582 fiunt:
758 506 897 580 laciniis
919 505 1124 580 lateralibus
1146 501 1260 576 domun

239 609 501 708 tliurgentibue
529 609 564 681 in
595 605 761 698 stipulas,
786 603 905 677 media
933 603 1143 699 proferente
1160 601 1259 674 fotiut'

242 707 354 798 tude;
386 709 491 785 nobis
520 706 924 802 &polono-penninos.
984 731 988 737 ·
1098 723 1103 740 ⁴

312 852 347 919 4.
373 825 415 902 ln
433 823 678 920 aliis.gemmis
695 822 845 915 squamae
863 841 961 895 mero
979 818 1111 912 stipular
1126 814 1260 906 existunt,

242 945 390 1021 quarum
418 924 553 1021 lingula
583 923 681 1016 paria
716 922 925 1012 plerumque
957 916 1144 1009 conjuncta
1167 915 1262 1008 megit-

243 1047 314 1119 que
343 1022 464 1096 vicina
495 1022 595 1114 sunt,
627 1040 773 1113 quaque
803 1017 981 1110 perfetio,
1007 1014 1142 1105 etiamsi
1169 1033 1260 1106 petit,

135 1199 139 1210 ,
242 1122 332 1200 folia
356 1121 453 1196 intra
480 1121 515 1195 so
548 1117 704 1205 fovent3
745 1114 853 1192 nobis
883 1117 1072 1212 sotpooocoo
1099 1123 1207 1186 erunt

697 1280 730 1367 o.
783 1271 847 1346 rx.

320 1395 483 1469 Foliorum
522 1397 776 1490 complicationes
811 1393 907 1468 intro
930 1413 1097 1565 ¹getninae
1129 1373 1267 1576 ἀίξεωιι

944 1510 1128 1584 pectorum
1151 1511 1196 1562 o.

249 1607 253 1616 ’
324 1639 357 1684 α.
385 1610 426 1684 ln
444 1607 521 1682 aliis
544 1610 638 1684 enim
668 1613 900 1708 conduplicata
921 1611 1000 1686 sunt
1025 1607 1139 1700 folia,
1161 1605 1289 1680 donet

163 1725 167 1734 ’
248 1707 404 1802 Philyrae
426 1705 533 1782 instar
557 1709 762 1793 connivent
786 1709 922 1784 duabus
947 1707 1112 1782 lamellis.

318 1821 355 1909 β.
381 1823 424 1902 In
449 1824 527 1900 aliie
555 1831 706 1901 inuoluto
738 1825 839 1918 sunt,
872 1827 934 1901 vei
959 1828 1003 1901 ab
1030 1838 1185 1921 utroque
1206 1784 1265 1898 ntor·⁸

246 1926 353 2023 gine,
378 1925 440 1998 vel
466 1925 510 1996 ab
540 1945 614 1997 uno
646 1925 807 2020 margine
837 1925 958 1999 versuo
986 1926 1153 2000 alterum.
1260 1991 1264 2004 ,

320 2068 354 2129 p.
388 2040 430 2116 ln
463 2042 647 2117 nonnullis
679 2042 788 2116 etiam
825 2045 992 2120 Revoloto
1020 2041 1104 2117 iuno
1135 2043 1176 2116 ab
1197 2041 1290 2115 uno

247 2163 318 2237 que
342 2141 522 2236 margine,
555 2137 615 2213 seu
642 2139 765 2216 subtus
788 2144 1003 2218 convoluta.

320 2253 354 2332 oi.
387 2256 427 2332 ln
452 2255 529 2331 aliis
553 2279 666 2350 vero,
690 2275 833 2333 tantum
860 2257 1052 2333 secundum
1088 2277 1196 2332 vento
1215 2251 1269 2326 suot

248 2359 404 2456 plicatu
443 2354 505 2430 ubi
537 2354 720 2430 observari
754 2373 935 2449 meretur,
971 2355 1202 2432 ioliaserratt
1220 2351 1268 2520 pig·

1206 2471 1236 2522 m
1262 2465 1291 2501 ,r

257 2569 1273 2594 —n—--n———n———n———n-——nfl

254 2651 256 2657 ·
289 2621 322 2696 o)
346 2622 394 2680 list
416 2620 635 2692 pltaenornenon
656 2623 685 2680 in
707 2637 799 2697 regno
821 2640 860 2682 ve
880 2625 979 2686 etablli
996 2619 1272 2698 persecutionum

130 2731 135 2744 ·
247 2702 385 2766 summam
406 2699 468 2774 eiua
488 2703 612 2778 requirit
637 2701 836 2764 adtentionem
887 2709 936 2780 qui
957 2705 1123 2767 adfinitates
1146 2701 1273 2782 plantano

248 2783 387 2860 indagare
413 2782 509 2853 velit,
545 2783 686 2842 foliorum
721 2784 855 2843 nimirum
889 2787 964 2846 intra
1000 2802 1167 2860 gemmam,
1192 2791 1274 2852 leuet.

249 2879 301 2926 aut
322 2864 534 2925 extremitatem
558 2865 684 2936 ramuli,
706 2867 782 2924 intre
805 2879 874 2940 quer
898 2869 1096 2941 reconditur,
1117 2861 1273 2942 complicatio

248 2948 300 3006 vel
331 2943 513 3016 contactio,
548 2959 564 3002 a
595 2944 679 3004 nullo
708 2944 864 3020 irucuoquc
894 2947 1058 3020 descripta:
1087 2952 1118 3009 in
1140 2950 1213 3009 votit
1233 2941 1274 3014 tio

249 3042 290 3088 ιιιΙ
314 3027 419 3102 aliquio
444 3023 520 3085 hanc
548 3024 672 3097 spartam
702 3025 732 3084 in
756 3026 786 3085 se
805 3026 950 3100 suscipiat.
991 3027 1165 3104 Exemplum
1189 3029 1274 3088 mint

249 3107 326 3168 lianc
348 3111 377 3166 in
403 3120 462 3166 rem
485 3103 631 3166 adferam:
661 3105 744 3172 loun
768 3107 798 3167 in
820 3105 939 3182 Canna,
957 3106 1097 3186 Alcinio,
1118 3105 1274 3190 ilocupletior

253 3187 416 3259 Curctmat,
443 3186 580 3258 Acrone,
604 3185 774 3258 Macarta,
806 3185 836 3247 δι
861 3201 928 3248 ιοιο
961 3187 1020 3247 hoc
1049 3192 1155 3250 ordine
1185 3183 1276 3249 ntrunli

251 3265 753 3348 (uragn.n1eon.nn.oro.3·l‚
781 3282 848 3326 cum
883 3285 1059 3342 erumpunt,
1085 3273 1171 3332 instar
1197 3263 1277 3329 coculi

251 3350 410 3424 papvrttei
430 3346 598 3419 prodeunt,
620 3349 748 3420 margine
774 3347 795 3414 s.
819 3349 909 3420 latere
936 3353 1030 3409 altero
1058 3353 1234 3412 obvolvente
1251 3349 1278 3404 lr-

252 3443 301 3488 tue
338 3429 472 3492 interius.
531 3427 610 3486 iden
645 3428 820 3489 observetur
850 3431 881 3489 in
913 3430 1065 3505 speciebus
1095 3434 1169 3505 Ari,
1202 3426 1278 3492 tollo.

253 3507 433 3579 Draconi,
458 3521 491 3566 ut
521 3524 559 3566 ne
590 3509 739 3568 minimum
771 3511 889 3585 quidem
919 3511 1029 3572 intersit
1058 3511 1279 3576 discriminum

252 3603 329 3648 vero
359 3588 499 3647 adtendas
516 3589 627 3661 velim,
649 3591 686 3656 ,ln
715 3587 761 3648 itio
791 3593 1038 3652 convolutionem
1065 3594 1128 3653 fieri
1153 3596 1186 3654 od
1216 3591 1280 3654 solt.

255 3671 339 3745 quod
361 3667 461 3740 aiunt,
492 3683 625 3741 motum,
655 3674 685 3730 ln
713 3671 771 3730 iilic
805 3687 879 3732 vero
912 3688 1026 3738 contra.
1069 3675 1101 3734 ln
1126 3667 1280 3736 oratorio

255 3751 388 3810 diversor
419 3750 504 3822 plane
537 3753 652 3810 obtinet
680 3755 805 3812 modun:
842 3753 954 3816 Horum
980 3759 1055 3813 enim
1080 3755 1281 3816 convolutione

254 3831 423 3906 ,alternatim
453 3829 519 3889 sunt
547 3833 729 3908 cunctatim,
759 3834 834 3894 odeo
850 3850 894 3896 .ut
920 3834 939 3894 li
964 3837 1079 3911 priore·
1102 3837 1140 3900 oti
1160 3836 1281 3900 deantur

254 3914 401 3988 proxime
420 3907 577 3974 trecesimo
601 3913 639 3974 ad
659 3910 797 3976 linimen
817 3929 965 3994 vergant,
985 3979 988 3986 ,
