2702 4792
245 303 295 392 36
456 293 792 378 ,oeconomi
827 297 1073 376 meroem,

246 481 334 552 lenta
372 481 527 550 animalia
553 476 708 568 fecunda
746 485 927 572 generavit.
983 483 1075 556 Ptin.
1133 480 1192 553 Ab
1227 477 1302 554 hoc

234 574 397 648 ¹cuilibet
426 573 672 649 determinato
692 594 855 652 ovorum
885 600 1061 670 numero,
1101 593 1228 651 nature
1251 579 1302 649 eo

101 698 105 706 ·
244 674 358 768 magis
395 673 567 746 recedere
605 687 734 760 vetat,
777 675 874 766 quod
912 676 935 748 fi
968 677 1045 768 quis
1081 676 1206 748 avibus
1238 675 1303 746 ali·

245 770 390 864 quoties
425 791 519 860 ova,
559 792 636 864 quae
668 771 711 844 ad
745 773 944 846 incubando
977 775 1194 864 posuerunt,
1231 771 1302 844 eri-

242 868 344 962 piat,
369 866 494 942 amiffis
525 889 612 942 mox
643 869 799 944 totidem
831 871 898 942 alia
920 871 1155 959 substituant,
1182 885 1222 942 ut
1251 870 1301 942 de

244 965 472 1059 Hirundine,
490 964 671 1043 Anatibus
695 967 727 1040 dr
745 965 942 1044 Pafferibus
959 968 1191 1046 observatum
1209 966 1271 1042 est.

694 1212 728 1302 t.
754 1205 855 1284 xiv.

665 1405 883 1502 Conservatt‘o.

320 1538 562 1617 Conservntio
586 1545 886 1639 propagationem
920 1543 1077 1638 excipit3
1115 1543 1179 1618 illa
1202 1565 1299 1622 vero

243 1641 404 1734 inprimis
437 1641 473 1713 in
506 1655 631 1715 tenera
655 1657 764 1714 aetate
796 1646 937 1733 elucet,
964 1644 1046 1716 dum
1077 1643 1162 1734 pulli
1180 1644 1299 1720 adhuc

243 1741 306 1833 ipit
353 1739 437 1812 vitae
471 1739 539 1811 suae
576 1737 825 1814 sustentationi
864 1742 1060 1834 providere
1097 1757 1296 1834 nequeunt.

242 1837 388 1915 Festum
425 1834 561 1910 scilicet
601 1835 671 1923 est,
713 1852 755 1910 ut
787 1853 956 1931 parentes
985 1841 1043 1911 vei
1075 1839 1301 1915 ferocisfimae

228 1935 370 2031 'insigni
409 1949 604 2030 tangentur
636 1931 735 2033 ςοςγῇ
769 1937 842 2008 ssve
876 1958 1001 2009 amore
1043 1959 1123 2032 erga
1156 1941 1301 2031 protem

244 2034 316 2108 ase
339 2033 502 2128 enixam,
530 2033 565 2106 dr
584 2032 771 2122 alimenti,
798 2033 968 2107 custodiae
995 2035 1301 2110 &conservatio-

226 2132 299 2216 ,nit
335 2153 456 2206 earum
492 2143 780 2228 curam'agant‚
820 2133 927 2226 idque
959 2133 1149 2206 secundum
1178 2135 1302 2230 legem

243 2251 319 2306 non
347 2225 486 2320 fidiam,
514 2226 573 2302 sed
589 2230 632 2303 ab
650 2229 725 2324 ipso
743 2244 880 2304 naturae
903 2230 1069 2306 Domino
1092 2231 1213 2304 latam.

312 2369 686 2464 QUADRUPEDIA
719 2370 855 2444 tamdiu
889 2383 1019 2443 tenero
1050 2371 1153 2444 foetui
1184 2373 1299 2449 ubera

240 2473 425 2562 prebent,
457 2469 490 2540 dt
511 2468 672 2560 liquore,
703 2469 791 2541 laete
810 2470 960 2562 chyloso
975 2469 1190 2556 sustentant,
1206 2494 1300 2564 quo·

242 2568 286 2639 ad
314 2565 450 2640 viscera
481 2567 557 2660 ejus
585 2563 744 2638 solidiori
774 2565 860 2639 cibo
886 2566 1083 2664 digerendo
1110 2568 1229 2662 paria,
1261 2571 1302 2642 dt

241 2664 370 2737 dentes
415 2664 500 2737 cibo
544 2659 764 2737 masticando
810 2661 884 2758 apti
936 2665 1104 2740 evadant.
1174 2663 1300 2742 Immo

241 2782 341 2834 amor
370 2782 498 2836 eorum
533 2782 618 2858 erga
651 2763 768 2855 pullos
804 2783 965 2856 eousque
1001 2763 1071 2835 sese
1104 2765 1299 2858 extendit,

239 2873 280 2934 ut
304 2861 447 2953 omnia,
476 2881 554 2953 que
577 2859 826 2953 perniciem&
849 2860 1109 2933 detrimentum
1137 2862 1205 2935 illis
1228 2864 1300 2935 mi·

239 2959 424 3045 nitantur,
454 2958 555 3032 omni
580 2958 655 3031 nisu
677 2958 895 3051 propellant.
950 2959 1055 3042 Ovis,
1079 2981 1154 3051 quae
1184 2961 1300 3036 binos

238 3079 314 3129 uno
340 3072 446 3150 partu
471 3057 613 3150 peperit
641 3077 775 3151 agnos,
812 3077 888 3128 non
916 3055 959 3127 ad
986 3059 1096 3130 ubera
1131 3057 1300 3132 admittit

61 3123 70 3138 Ι
113 3159 119 3170 “
238 3177 370 3245 unum,
414 3156 477 3230 nist
511 3153 610 3227 simul
645 3154 734 3226 adsit
772 3154 805 3225 tr
841 3153 939 3248 sugat
973 3156 1085 3246 alter,
1121 3177 1166 3228 ne
1197 3177 1300 3232 unua

238 3253 333 3326 fame
359 3268 506 3347 pereat,
540 3251 622 3324 dum
648 3254 742 3323 alter
767 3252 906 3343 optime
927 3250 1044 3323 alitur.

307 3390 437 3464 AVES
474 3390 579 3464 nidos
622 3385 904 3462 artificiosissime
948 3387 1114 3479 struunt,
1154 3409 1305 3484 eosque

236 3510 340 3580 quam
373 3487 518 3582 possunt
551 3485 749 3561 molliffime
773 3484 1023 3575 substernunt,
1056 3508 1102 3560 ne
1135 3509 1208 3561 ova
1227 3485 1303 3562 'ali-

237 3603 308 3678 quo
335 3586 447 3660 modo
474 3585 660 3660 laedantur.
712 3584 794 3656 Nec
829 3584 911 3656 illos
946 3584 1143 3675 promiscue
1174 3590 1305 3662 omni-

235 3685 301 3757 bus
335 3686 371 3758 in
396 3685 488 3758 tocis
510 3682 696 3772 condunt,
725 3679 785 3753 sed
815 3681 873 3755 iiia
897 3696 1038 3757 tantum
1065 3683 1228 3777 eligunt,
1258 3687 1305 3763 iu

236 3782 364 3874 quibus
392 3783 533 3872 optime
554 3794 689 3855 contre
715 3777 871 3855 hostium
897 3777 1048 3855 insultus
1079 3783 1209 3874 quietae
1244 3784 1306 3859 la·

225 3895 314 3955 tere
344 3879 501 3976 possunt.

1160 3996 1305 4074 Pmru·
