2602 4788
259 301 336 378 „132
592 273 753 358 nunrx
785 275 998 356 sunnon.

265 471 389 544 tenter
418 456 464 532 de
494 455 597 531 hoste
623 457 798 550 praesente
828 457 1146 536 commonuiffent:
1176 453 1272 548 Canes,

263 557 392 647 Porci,
431 556 695 650 Meleagrides,
739 578 896 652 avesope
935 558 1134 632 domestice
1161 578 1270 641 onnes.

263 659 338 751 pari
368 651 556 728 aestuantes
582 653 693 742 odio,
722 653 932 748 singularem
964 655 1196 750 significabant
1216 675 1269 728 car

263 752 545 839 minationem,
579 752 697 826 crines
731 752 923 848 cristasque
961 756 1154 850 erigend03
1189 752 1270 842 dr,ut

226 921 233 930 ,
264 851 504 932 acerbitatem
541 848 635 924 suam
669 850 893 924 tenuiorem
925 851 1111 942 facerent,
1139 869 1207 922 eun
1231 847 1272 921 eir·

264 948 568 1044 contingebant,
613 968 688 1020 non
728 964 848 1021 tamen
894 951 1043 1042 propius
1078 952 1272 1032 accedentes,

264 1065 367 1142 quam
409 1061 451 1120 ut
488 1048 531 1118 ab
569 1046 756 1120 invasione
791 1047 967 1120 immunes
1004 1046 1128 1122 essent.
1189 1043 1274 1116 Minu

235 1141 410 1222 ⁴interint
454 1163 581 1217 eorum
624 1142 789 1234 sprevit,
845 1146 1017 1237 lenteque
1061 1143 1206 1237 derepsrt
1239 1135 1273 1224 a).

263 1241 353 1318 Haec
390 1243 535 1335 vipera,
576 1263 704 1314 omnes
744 1241 866 1329 inter,
909 1241 1042 1316 summa
1082 1245 1119 1318 in
1154 1238 1288 1320 notibu

262 1342 380 1418 utitur
414 1340 599 1414 tarditate.
651 1337 762 1411 Nulla
799 1339 1006 1434 aggreditur
1033 1341 1207 1422 animalia,
1235 1331 1288 1408 nil*

262 1459 361 1534 quea,
387 1437 513 1529 praed-e
538 1434 665 1524 instar,
696 1437 729 1510 ei
756 1435 976 1523 inserviunt,
1006 1442 1066 1510 vel
1090 1460 1163 1533 quae
1185 1431 1288 1526 injurie

262 1538 412 1634 quadam
443 1555 522 1608 eaan
552 1532 747 1623 lacessunt,
773 1537 856 1610 dum
880 1535 1082 1632 agitatione
1106 1527 1277 1626 crepitaculi

263 1631 457 1715 vinditiani
489 1646 575 1705 ante
604 1633 806 1705 denuntiat.
857 1631 899 1706 In
929 1654 976 1707 eo
1000 1635 1176 1708 Americae
1196 1627 1277 1703 tratll

263 1727 556 1808 venenatissimus
585 1728 745 1802 creditur
769 1729 829 1803 hic
854 1729 998 1824 serpena
1027 1731 1119 1808 else:
1142 1725 1288 1806 neenul

262 1848 302 1906 ta
331 1827 500 1915 obstant,
534 1826 618 1918 quin
663 1825 698 1900 de
730 1827 801 1920 ipse
832 1829 996 1920 credam,
1031 1853 1114 1904 cunr
1149 1819 1276 1902 &narl-

263 1950 342 2006 mus
366 1925 437 2015 fit,·
461 1923 665 2000 &maxima
687 1923 750 1997 det
775 1927 948 2015 vulnera,
982 1927 1016 2017 ip
1045 1951 1126 2021 quae
1154 1935 1276 2026 negaui

262 2025 395 2102 veneni
440 2023 573 2119 ingerit
611 2023 767 2115 copiam.
840 2023 1045 2112 Rouaditai,
1084 2025 1182 2120 quod
1210 2019 1273 2092 aur·

263 2129 352 2200 beat
391 2119 555 2210 ludioni,
608 2141 654 2194 ne
691 2141 873 2194 venenum
917 2123 1067 2198 ulterius
1112 2125 1270 2217 spargatur·

261 2235 392 2320 preter
436 2219 549 2312 partis
588 2217 675 2293 lese
717 2219 1031 2312 amputationum,
1084 2223 1185 2316 cujus
1221 2227 1275 2288 llll

260 2320 489 2398 mentionem
516 2315 610 2404 feci,
640 2313 750 2390 sudio
775 2313 828 2390 est
849 2318 1029 2409 vulneris,
1056 2341 1106 2394 ex
1125 2339 1191 2415 qua
1206 2323 1279 2406 opta·

261 2439 321 2496 tus
366 2414 555 2491 interdurn·
583 2415 776 2488 obtinetur
809 2413 981 2503 effeetus,
1020 2416 1106 2494 duna
1148 2414 1201 2492 exi
1221 2423 1281 2484 uun

260 2516 350 2594 illud
379 2511 682 2606 deprehendatur.
733 2511 793 2586 Ab
821 2513 893 2586 hoc
916 2515 1012 2588 malo
1036 2514 1182 2592 liberati
1215 2501 1281 2582 eurl

260 2607 455 2710 quotannis
492 2608 646 2699 eodem,
686 2630 758 2703 quo
792 2610 972 2685 vulnerati
1010 2612 1183 2699 suerunt,
1217 2621 1282 2682 teu·

259 2733 372 2808 pore,
403 2705 551 2781 dolores
582 2705 842 2802 persentiscunt
876 2710 1085 2801 periodicas
1121 2711 1143 2806 <
1152 2712 1187 2784 id
1214 2695 1283 2800 quod

260 2812 368 2904 etiarn
398 2804 527 2880 evenit
556 2825 601 2880 ex
633 2804 828 2898 puneuone
849 2805 1174 2901 Tarantularum).
1232 2793 1288 2888 Μ’,

259 2906 383 2984 versus
415 2903 572 2980 morsum
601 2904 717 2978 variae
753 2903 933 2997 adplicant
963 2907 1130 2998 radices,
1163 2920 1204 2980 ut
1225 2899 1284 2994 Asa·

258 3031 331 3080 rien
363 2995 469 3103 (13.)
508 3003 710 3076 Prenanthes
740 2997 846 3097 (13.)
878 3003 1098 3080 &radicem
1140 2997 1286 3098 qumua

258 3093 364 3200 (16.)
396 3121 501 3195 quarn
538 3096 678 3174 Indiani
711 3119 756 3172 ex
784 3099 948 3196 Virginia
983 3102 1232 3186 &Carolinn
1256 3091 1288 3164 al

258 3199 424 3280 interiori
459 3197 621 3294 regionis
650 3196 717 3270 sue
743 3213 847 3290 parte
869 3199 1000 3274 advehi
1026 3217 1180 3288 curant,
1209 3205 1288 3292 qut!

256 3301 377 3377 seeum
408 3297 446 3372 iu
474 3316 560 3390 pera
598 3292 759 3390 gestant,
799 3297 1039 3388 manducant,
1072 3298 1218 3375 succum
1247 3289 1288 3362 dl·

257 3400 438 3497 glutiunt,
472 3394 507 3466 dt
529 3393 748 3468 masticatam
780 3395 921 3469 vulneri
945 3396 1156 3491 imponunt
1204 3390 1288 3498 Coo*

1199 3503 1288 3568 milui*

1087 3625 1288 3668 ...n-d

295 3733 331 3811 a)
361 3735 542 3794 Novaecalie
570 3732 703 3807 virginae
738 3733 895 3807 depellitur
924 3731 1170 3807 Crotaloplrorua
1201 3721 1288 3790 culmi

252 3819 364 3888 suuni,
389 3816 439 3890 qui
459 3813 546 3888 hujue
567 3813 664 3873 hostes
684 3813 750 3874 sunt
776 3815 966 3886 inlenfiffinai,
989 3813 1206 3888 &serpentem
1220 3807 1288 3896 uu!

216 3911 383 3980 percepto
409 3897 507 3970 capite
537 3895 703 3971 devorent,
730 3895 804 3960 uua
823 3892 872 3970 Cl.
885 3892 1003 3966 Kelaria
1019 3895 1154 3964 uelim
1173 3893 1207 3956 iu
1223 3890 1288 3952 ΠΜ

200 3973 457 4058 flumenin
484 3976 572 4040 datia.
