2560 4778
152 199 232 282 ΠΕ
263 199 508 282 TELLURE
539 205 847 289 HABITABILI.
962 229 1038 305 439

321 383 340 422 a
494 383 525 452 a*
592 385 633 446 '.
669 385 689 428 a

17 535 25 553 .
52 477 217 556 Unicum
246 481 349 558 enim
377 483 565 576 utriusque
586 483 700 560 Sexus
721 483 905 558 hominem
931 477 1033 556 fuisse

15 595 199 670 creatum,
232 579 470 658 devolutione
494 581 586 660 duce
607 577 697 679 (8),
721 581 865 658 &teste
887 578 1037 654 tatione
1152 597 1159 612 ·

18 673 100 766 (¹5)
125 693 243 750 antea
271 678 476 754 didicimus.
649 706 651 710 ·
1044 755 1049 766 .

12 781 28 852 l.
50 771 101 844 Ex
120 775 245 850 Mons
264 773 414 852 historia
428 773 495 874 (9)
510 777 613 854 fimul
630 777 870 871 percepimus,
888 774 1031 850 Adamo

19 867 133 962 datum
160 871 273 946 fuisse
296 873 517 967 Paradisum,
542 891 583 950 ut
608 874 657 950 ibi
675 875 885 966 habitaret,
919 887 1032 968 utque

18 965 60 1038 ibi
89 969 284 1048 Animalia
312 975 345 1046 ei
368 973 441 1056 usui
466 973 787 1052 &oblellamento
808 973 934 1048 esent.

12 1087 27 1136 l.
52 1065 84 1136 Si
109 1071 185 1160 jam
223 1068 402 1146 Animalia
432 1071 556 1147 omnia
591 1075 741 1146 fuerunt
775 1071 811 1146 in
844 1067 1031 1160 Paradiso,
1103 1151 1106 1157 ,

16 1163 109 1254 quod
140 1169 224 1280 vel·
244 1187 295 1240 ex
320 1169 452 1244 Adami
482 1168 673 1244 nominum
707 1169 939 1282 impositione
964 1159 1037 1262 (9)

15 1265 1032 1476 lil⁶lnlle⁰⁰1ll·l,l⁰littleltnlllitiz

14 1475 90 1531 tum
113 1463 362 1556 Vegetuillilus
385 1484 551 1556 quoque,
579 1463 615 1536 in
639 1461 753 1538 horto
777 1463 850 1536 hoc
873 1459 1032 1536 atnoents·

17 1553 116 1646 fimo,
133 1558 242 1634 fuiffe
267 1559 444 1638 stationes
460 1559 657 1657 allignataa.
716 1559 815 1636 Nam
841 1559 1032 1654 quodlibet

19 1649 89 1726 sete
105 1657 336 1750 vegetabile
353 1660 537 1754 proprium
555 1657 728 1733 Insedium
745 1661 831 1750 alit,
862 1658 897 1732 da
918 1657 1032 1750 plera·

22 1769 83 1920 iis
111 1751 255 1832 Infecta
291 1757 403 1834 certia
437 1771 579 1832 tantum
612 1755 808 1834 vescuntur
833 1753 1032 1852 Vegetabi·

36 1867 119 1923 tus.
1099 1876 1102 1892 ·

61 1945 238 2042 Exempla
261 1949 407 2046 possent
433 1951 584 2052 produci
610 1949 753 2027 infinita
777 1972 945 2026 numero.

49 2046 216 2154 ‚Bamlyx
247 2070 327 2124 nou
358 2049 456 2124 vivit
483 2064 545 2125 aut
574 2063 815 2148 propagatur,
842 2049 909 2128 nili
929 2047 1033 2128 Moti

27 2157 55 2212 en
77 2141 245 2238 suppetat
274 2147 393 2242 copia.

69 2243 271 2320 Cucciumlla
294 2241 404 2320 caeo
433 2257 577 2320 tantum
602 2246 771 2322 vescitur.
854 2243 859 2253 '

23 2428 24 2443 Ν
66 2335 217 2418 Piscium
247 2343 654 2437 nonnullia··Speciebua
680 2343 771 2418 certi
792 2341 1033 2420 vermeacsca

28 2431 119 2510 lunt:
152 2453 194 2514 ut
221 2439 383 2516 Medusa
412 2443 555 2516 Balaenis
579 2442 856 2522 Gtoenlandicia.

66 2533 156 2610 Alie
189 2537 239 2614 he
261 2538 323 2612 bia
353 2538 487 2616 famem
518 2539 662 2629 sedant,
698 2541 753 2614 uti
790 2541 925 2618 Luinu
956 2539 1034 2618 live

31 2629 146 2708 Scarus
174 2636 213 2710 iu
238 2559 364 2711 [laeta.
1029 2701 1036 2717 a

67 2727 229 2829 Alieque
261 2735 400 2810 Avium
432 2733 544 2810 certia
576 2735 697 2826 baccis
728 2733 948 2819 vescuntur:
989 2746 1034 2810 ut
1110 2759 1126 2805 t

30 2823 175 2905 iicelulu
199 2833 291 2908 Ficu
319 2831 355 2906 u
381 2833 487 2906 Uva·

71 2925 160 3002 Alie
186 2933 292 3004 Avea
313 2931 485 3026 ignorant
509 2929 601 3004 alios
624 2931 755 3024 cibos,
779 2953 882 3026 quam
904 2927 1033 3006 insedit

29 3016 87 3092 fibi
113 3023 311 3120 destinata,
343 3028 397 3104 uti
428 3031 515 3108 Pici.
565 3027 622 3100 Ita
649 3031 846 3128 Ilsuscicupae
872 3027 1033 3108 edulium

30 3113 156 3196 Muscae
192 3125 287 3202 suut.
359 3127 550 3221 Haemutopo
590 3125 766 3202 Testacea
803 3125 877 3203 sola
917 3124 1031 3198 viem

31 3210 117 3290 lunt.
169 3225 448 3322 Myrmecopbuge
468 3222 656 3298 Formica.
709 3225 815 3322 Talon
833 3219 1061 3301 lumbrici.-

36 3312 249 3410 vespertilioni
285 3322 464 3409 enatem,
498 3321 681 3398 noilutne
717 3323 797 3400 sunt
831 3321 1031 3402 nutrimen·

35 3417 104 3484 tum
130 3421 288 3496 unicum.
943 3505 946 3512 ,
1018 3449 1025 3492 t

78 3511 225 3610 Rapaces
248 3541 292 3592 cx
316 3529 479 3611 pennato
503 3516 537 3591 oz
562 3517 746 3612 squamato
768 3537 902 3613 genere
920 3515 1030 3592 certia
1066 3549 1068 3556 ¹

36 3607 177 3687 aviculis
196 3615 231 3690 dc
252 3615 426 3711 pisciculis
447 3615 540 3690 retia
559 3616 738 3707 tendunt,
759 3617 792 3690 u
814 3637 858 3690 ex
878 3615 946 3691 bac
968 3637 1036 3691 νει

36 3707 177 3786 natione
200 3715 313 3790 vitam
344 3713 553 3790 sustentant.

79 3801 133 3878 lta
163 3833 271 3888 unum
299 3813 430 3886 vivens
464 3811 601 3903 semper
628 3831 719 3886 nece
744 3809 891 3888 alterius
917 3807 1030 3882 vitam

39 3892 195 4004 sustinet,
218 3931 289 3986 nec
314 3907 435 4005 potest
464 3908 525 4082 diEu
551 3930 630 3985 eam
653 3929 873 4006 prorogare,
897 3905 961 3980 nisa
980 3905 1033 3978 in

362 4075 364 4080 .
529 4029 600 4102 c4
654 4045 656 4050 ·
907 4019 1035 4079 ventat
