2660 4780
337 303 740 434 mmmm
999 281 1067 414 m

13 495 81 570 lare
115 491 243 586 vipera
276 485 377 568 fusco
412 491 464 566 est
496 488 649 586 Capite,
688 487 816 565 Oculis
852 485 990 583 rubris,
1025 493 1066 572 in·

13 591 133 666 Dorso
156 593 282 664 colore
310 587 497 678 substiseo,
524 591 586 664 ubi
615 591 724 682 etjam
750 589 840 664 llriae
865 588 1063 666 decurrunt

14 691 222 786 irregulares
257 687 380 784 nigrae.
441 687 556 782 Ipsum
597 690 831 784 Crepitaculom
867 689 978 778 etiarn
1010 689 1063 766 est
1144 691 1150 698 “

17 787 167 877 luscum,
210 787 334 860 multis
366 785 529 874 cellulis,
563 784 659 859 inter
686 783 722 858 se
747 787 945 870 connexit,
973 807 1062 860 con·

21 885 156 976 flatum,
195 883 402 957 membrana
422 882 693 974 constantibus,
720 903 796 976 que
821 881 864 956 ad
888 881 1067 961 duritiem

17 1004 123 1058 cornu
155 981 235 1056 fere
258 979 412 1055 accedit.
463 978 678 1053 cellularum
702 977 815 1072 figura
836 977 888 1053 eli
908 983 1068 1074 pyrami·

16 1081 95 1154 dalir
130 1079 375 1153 &undulata
424 1077 563 1152 Herum
591 1077 798 1152 articulatio
817 1080 929 1152 multa
954 1081 1065 1154 abun·

13 1177 93 1252 dens
142 1171 318 1270 synovia,
371 1175 616 1270 mobilitatem
654 1175 854 1249 faciliorem
901 1179 1067 1270 partibus

12 1275 182 1350 conciliet
210 1273 350 1347 annulle
380 1273 613 1347 inferioribus
642 1270 810 1362 inclusis,
839 1289 881 1346 ut
916 1293 963 1346 eo
987 1295 1064 1348 me·

11 1375 76 1446 lius
107 1372 152 1446 ad
183 1374 300 1446 latere
332 1390 459 1446 eorum
495 1370 641 1444 allidere
674 1368 825 1464 posint,
864 1371 1069 1466 sonumque

14 1472 111 1544 illum
135 1469 358 1564 producere,
382 1467 442 1562 qui
461 1467 674 1553 exauditur,
700 1468 783 1542 duni
801 1463 956 1562 Serpens
978 1491 1081 1575 cau-l

18 1569 94 1644 datu
125 1565 248 1664 agitat.
310 1565 409 1642 Dum
444 1565 590 1640 mordet
635 1565 694 1640 hic
734 1564 877 1660 serpens
915 1569 1065 1644 dentibus

16 1665 102 1754 suis,
139 1665 197 1758 qul
229 1661 415 1740 interdum
444 1661 673 1760 longitudine
704 1657 784 1738 sunt
820 1664 923 1760 digiti
956 1665 1065 1742 uniua
1100 1735 1108 1748 ,

14 1761 226 1852 transversi,
268 1760 409 1837 nonnisi
450 1759 732 1854 perieuloliffima
768 1761 898 1835 exinde
933 1765 1064 1840 redun-

13 1861 92 1934 dare
116 1858 265 1954 pellunt
292 1858 569 1954 symptomata,
594 1857 786 1952 presertim
814 1859 843 1932 si
868 1859 1063 1956 longitudo

10 1959 174 2035 dentium
211 1960 288 2051 ejus
324 1956 367 2030 ed
398 1951 608 2032 nobilissima
637 1956 860 2050 inanimaque
892 1961 1066 2051 penetret

8 2056 117 2154 vasa,
159 2055 257 2148 quod
296 2053 419 2148 sepius
459 2052 654 2164 contingit.
732 2051 768 2124 Si
806 2055 977 2150 eveniat,
1019 2069 1063 2132 ut
1115 2048 1117 2059 ’

6 2174 141 2250 magna
169 2149 284 2246 aliqua
316 2151 406 2226 Vena
433 2149 489 2226 lile
514 2145 626 2238 fuerit
652 2151 814 2244 pertusa,
845 2153 964 2225 omnir
990 2153 1064 2229 fro·

4 2251 149 2326 stranea
174 2247 227 2326 est
249 2247 458 2340 Medicina,
483 2247 547 2322 nili
572 2245 774 2344 amputatio
799 2249 910 2344 partis
935 2252 1065 2326 vulne·

4 2367 92 2424 ratae
136 2346 237 2431 illico
277 2347 496 2422 instituatur.
562 2344 692 2422 Tristis
724 2348 820 2422 enim
850 2347 978 2422 docuit
1002 2339 1101 2423 αι’
1200 2381 1204 2388 ·

2 2447 210 2542 perdentia,
232 2445 329 2538 quod
356 2446 430 2519 hoe
447 2443 561 2518 modo
577 2442 674 2518 lesus
691 2443 754 2538 vix
772 2446 866 2518 ultra
882 2445 1019 2520 minuta
1039 2465 1064 2539 ς

6 2561 68 2619 aut
99 2567 149 2619 ro
175 2544 290 2619 vitam
327 2543 469 2617 fervere
500 2539 625 2634 possit,
657 2542 838 2620 interdum
871 2543 936 2618 trix
967 2547 1065 2622 ultra
1160 2565 1162 2572 ¹

9 2645 105 2732 duo,
144 2640 271 2730 ufic,
301 2657 491 2736 antequam
525 2639 827 2715 meditamentum
859 2641 935 2716 vlru
968 2643 1065 2724 suam

8 2741 192 2817 internam
230 2741 396 2814 exserere
434 2735 567 2832 pomi,
610 2737 760 2810 oceidit.
822 2738 859 2810 Sl
896 2761 987 2814 vero
1026 2745 1067 2820 in

10 2852 152 2932 partein
184 2834 431 2912 carnosum&
461 2833 694 2909 musculosam
719 2837 947 2910 truculentos
980 2839 1068 2916 suot
1222 2855 1223 2863 ‘

16 2931 171 3010 infixerit
207 2935 361 3024 dentes,
404 2933 478 3008 line
514 2927 770 3006 vulneratione
806 2936 918 3024 partie
946 2937 1066 3030 cuiue·

16 3033 97 3106 dani
126 3033 344 3124 nobilioris,
385 3031 481 3105 saera
515 3031 559 3104 iis
586 3029 735 3106 Ancora
763 3029 813 3104 ell
845 3031 944 3108 rediit
973 3056 1065 3126 que·

12 3132 119 3220 dani,
153 3133 215 3206 ubl
247 3134 291 3205 ad
311 3149 439 3206 manua
463 3123 582 3204 strtlm
610 3129 732 3202 fuerit.
796 3126 898 3202 lnter
922 3133 1066 3226 viperae

11 3229 199 3304 horribilis
226 3229 382 3309 maxime
408 3226 468 3303 hie
491 3225 635 3320 serpent
661 3225 712 3298 est
738 3221 959 3311 Caudlsona,
981 3249 1066 3307 eum

12 3327 178 3402 omnium
220 3343 341 3401 earuni
378 3324 617 3400 &merlinus
652 3325 695 3399 sit
728 3324 762 3398 dt
797 3325 1063 3404 crudelissimus.

11 3423 199 3516 Maxima,
235 3445 340 3516 quern
374 3423 472 3512 vidi,
504 3422 635 3514 pedum
674 3437 753 3495 erat
783 3422 867 3498 odio
905 3427 966 3498 vel
999 3447 1068 3504 no·

10 3541 99 3598 vem
131 3522 384 3620 longitudine,
417 3519 579 3616 pondere
612 3541 756 3613 aequans
789 3519 874 3596 otio
905 3521 967 3598 vel
999 3518 1067 3602 uo‘·

6 3642 98 3694 veni
125 3619 246 3696 libras.
298 3617 530 3694 Horrendum
548 3615 621 3692 hoe
640 3619 771 3694 animal
790 3619 880 3692 elam
898 3617 935 3696 ln
951 3623 1068 3701 edem

6 3719 228 3794 chiliarchae
280 3721 380 3794 Blalte
418 3715 610 3791 vCatulinae
665 3717 700 3788 se
749 3714 945 3814 surrepsit,
1004 3723 1104 3798 ubi·

8 3817 152 3908 absque
186 3814 297 3892 dubio
323 3815 462 3890 sat-diu
493 3805 712 3901 delituillet,
745 3813 808 3888 nisi
845 3819 968 3896 omnia
1001 3819 1077 3894 ἀοι..

7 3913 165 3992 mellite
189 3915 354 3992 animalia
378 3915 541 3989 elamore
558 3911 731 4083 lnlufitrto
757 3911 904 3990 domurn
926 3916 1081 3994 inhrbiu·

628 4035 649 4084 2
990 4019 1076 4094 tun-⁸
