2560 4778
199 263 271 342 DE
300 258 539 344 TELLURE
568 244 875 346 HAB'ITABILL·
920 369 921 374 Ν
991 289 1067 368 443
1147 384 1150 394 ¹

40 439 177 520 locum
189 441 317 539 agella
333 467 378 520 ex
394 443 511 522 fundo
528 443 592 520 luo
610 457 763 521 terrene
780 447 939 520 materiae
953 467 1064 523 occu·
1222 500 1224 516 .

42 557 139 636 pat,
165 541 247 614 dum
268 543 368 616 srmul
389 545 433 618 ab
454 545 556 618 omni
575 545 691 620 latere
711 545 749 622 in
775 546 998 644 angustiores
1021 545 1065 619 li·

47 642 163 714 mites
180 641 393 716 corruatur.

0 749 65 823 8.
94 737 137 812 ln
170 738 393 812 Gothlandia
421 737 517 812 circa
545 739 760 838 Hoburgum
795 739 870 814 vidi
903 739 1066 834 ingentia

55 839 171 924 Saxo,
186 835 299 942 mulla
314 837 518 912 animalium
537 837 597 927 vi,
626 851 688 912 aut
713 839 868 912 humana
889 853 968 912 arte
985 859 1067 912 mo·

52 936 168 1022 bilin,
194 935 317 1009 amari
337 949 460 1010 tamen
483 935 520 1010 in
544 936 650 1008 littus
674 936 804 1028 eiedla,
833 959 908 1030 que
927 933 1066 1010 consta·

49 1033 146 1106 bant
169 1049 287 1126 epure
306 1055 483 1122 mamare,
509 1033 666 1128 granulis
690 1035 832 1108 albis&
856 1032 1067 1114 rufescenti·

50 1131 148 1220 bus,
178 1129 276 1223 quod
296 1131 420 1223 lapidis
445 1151 557 1226 genus
583 1131 750 1204 universa
771 1132 848 1206 hee
871 1153 946 1206 non
971 1131 1066 1226 parit

51 1230 178 1323 regio,
206 1227 262 1300 sed
274 1227 398 1302 Insula
412 1243 554 1303 tantum
566 1227 766 1316 Carolinae,
790 1231 885 1304 unde
898 1249 1068 1322 aquarum

54 1327 199 1418 impetu
224 1329 349 1418 procul
380 1327 482 1400 omni
512 1326 624 1399 dubio
653 1329 723 1402 hun
752 1329 853 1401 fuere
878 1329 1067 1420 translata,

56 1423 255 1516 presertim
275 1445 381 1517 quum
405 1425 442 1498 in
465 1425 683 1498 occidentali
708 1439 810 1518 parte
827 1427 1005 1520 jacerent.

0 1541 69 1616 9.
105 1523 209 1618 Lapis
238 1523 364 1616 ingens
391 1527 569 1608 micaceur,
604 1523 640 1596 in
667 1521 832 1612 dilltntia
853 1521 1069 1616 quadrantis
1165 1540 1168 1551 ¹

55 1620 221 1700 milliaria
246 1623 291 1693 ab
309 1621 488 1716 Hoburgo
512 1619 810 1715 conspiciendus,
836 1621 982 1718 gravior
1003 1620 1070 1713 en,

56 1739 167 1812 quam
186 1733 226 1792 ut
244 1719 431 1794 hominum
450 1718 587 1792 viribus
612 1719 784 1812 potuillet
814 1721 978 1807 moveri3
1001 1739 1071 1794 nec

57 1831 186 1890 tamen
212 1815 248 1890 in
272 1819 358 1890 loco
379 1815 443 1889 suo
465 1815 574 1888 natali
596 1817 716 1908 iacet3
741 1837 822 1892 narn
841 1817 900 1892 hic
921 1839 996 1892 non
1016 1839 1073 1890 re·

56 1913 202 2009 peritur
224 1915 375 1987 materia
398 1911 430 1985 ei
453 1913 660 2006 generando
680 1928 786 2008 apta:
818 1915 913 1988 unde
932 1909 1073 2009 colligi·

57 2027 124 2084 tur
144 2029 227 2087 eum
250 2011 368 2102 marin
382 2010 519 2084 alluvio
544 2010 647 2084 fuisse
669 2013 741 2086 huc
765 2011 994 2104 deportatum
1025 2031 1073 2089 ex

34 2179 38 2186 .
61 2109 194 2182 Suecla
213 2111 274 2182 vel
293 2107 508 2200 Moscovia,
534 2129 641 2202 quum
667 2109 784 2185 adhuc
807 2109 879 2185 salo
896 2103 1074 2185 submersa

61 2207 155 2280 ellat
173 2205 409 2282 Gothlandia.

2 2325 73 2395 40.
111 2303 215 2380 Ante
244 2304 438 2378 triennium
472 2307 745 2398 contemplabar
774 2306 867 2397 apud
900 2306 1074 2400 praediunt

59 2401 194 2477 Illustr.
211 2405 310 2497 regni
331 2402 519 2476 Senatoris
533 2403 753 2477 Cronstedtii
772 2401 970 2496 (Fallerdn)
989 2425 1074 2478 cau·
1132 2479 1136 2494 ,

62 2515 166 2592 tem,
190 2501 346 2576 relidam
369 2503 414 2574 ab
435 2499 541 2574 undis
569 2501 605 2574 in
630 2503 738 2595 plano
764 2501 926 2590 littoris,
952 2501 985 2574 dr
1008 2503 1073 2577 illo

60 2601 171 2686 loco,
196 2599 256 2672 ubi
273 2615 368 2692 rates
387 2598 629 2672 conscendere
642 2598 804 2672 solebant
823 2597 970 2672 lncoiae.
1001 2599 1075 2675 Hie

64 2695 190 2770 testari
215 2695 359 2791 poliunt
382 2717 534 2786 omnes,
568 2719 746 2790 nunquam
768 2697 817 2769 ibi
844 2693 946 2770 luille
967 2691 1076 2772 antea

61 2793 218 2886 lapidem
238 2794 361 2871 visum.
414 2795 526 2888 Quod
545 2795 567 2869 fi
583 2797 656 2887 jam
668 2795 785 2869 Lacus
800 2793 1079 2870 Meleruatantl

64 2893 242 2988 ponderis
262 2901 391 2966 movet
412 2890 560 2986 lapidee,
584 2908 740 3006 quantos
757 2891 820 2968 vix
838 2894 950 2966 multa
963 2895 1078 2968 boum

61 2993 152 3086 j'uga
175 2991 262 3063 loco
284 2989 520 3082 dimoveant,
552 2989 658 3084 qud,
687 2988 827 3084 quaeso,
854 2991 898 3065 ab
921 2985 1076 3066 Ocean'n

68 3087 328 3180 expediendum
355 3085 452 3160 erit?
554 3115 562 3134 ι

14 3211 82 3284 4¹·
111 3185 153 3258 In
167 3185 321 3278 Alpibus
339 3183 476 3257 Dalicis
500 3181 679 3290 demonte
701 3185 860 3282 Wolenfi,
884 3185 945 3262 ubi
967 3189 1082 3264 Palm·

63 3283 178 3380 fiditer
199 3283 348 3379 attingit
359 3281 494 3356 Lacum
516 3281 745 3375 Grufnelddn,
771 3284 987 3360 orientalior
1002 3287 1079 3380 ejm

71 3380 211 3456 montis
229 3401 308 3474 pars
326 3381 547 3454 annulata&
569 3379 694 3454 attrita
713 3379 784 3469 est3
813 3381 1004 3458 manifesto
1027 3385 1080 3458 in·

74 3479 195 3566 dicio,
221 3479 293 3552 hoc
315 3477 490 3552 undarum
515 3477 725 3551 alluentium
745 3499 855 3574 opera
877 3479 1021 3558 fanum.

17 3601 85 3670 42.
109 3575 263 3651 Fluvios
281 3597 409 3650 omnes
425 3575 593 3651 videmus
613 3575 773 3668 superius
796 3577 962 3666 latiores,
989 3577 1083 3676 infra

74 3675 188 3768 magia
205 3671 335 3760 aridos,
362 3673 604 3766 &quotannis
616 3689 747 3750 terram
763 3677 869 3750 altius
883 3677 1080 3770 perforare.

73 3773 134 3845 De
148 3771 370 3846 Fluminibus
389 3771 536 3846 simoi&
555 3775 705 3858 Xantho,
730 3774 821 3846 adeo
841 3774 1002 3848 aPoetia
1019 3795 1080 3846 ce·
1139 3787 1146 3806 ·
1257 3741 1259 3748 ,

74 3867 245 3959 lebraria,
275 3891 351 3962 quae
365 3869 528 3963 Troiana
546 3885 648 3963 prata
674 3869 862 3966 rigabant,
890 3871 983 3946 adeo
1006 3871 1082 3944 exi·

74 3990 169 4066 goos
192 3967 333 4044 rivulos
361 3987 457 4044 nunc
481 3966 551 4042 elle
576 3967 692 4042 refert
714 3968 922 4062 Belloniua,
950 3981 993 4042 ut
1016 3967 1085 4082 yle

172 4081 185 4103 ⁴
981 4085 1086 4142 mun·
