2604 4788
213 209 285 289 186
489 205 696 282 GEMMAE
733 206 1000 286 ARBORUM.

212 385 435 475 imbricatis,
456 401 543 480 '‘quae
580 385 666 460 nihil
702 387 796 460 allud
829 388 932 481 sunt,
963 406 1066 476 quem
1096 373 1274 462 folidrum

211 485 440 573 rudimenta,
468 485 690 577 petiolorum
730 500 816 574 puta
851 502 913 560 aut
949 484 1176 576 stipularum:
1220 485 1273 558 hae

211 584 251 658 in
286 583 319 656 se
358 581 670 676 comprehendunt
706 584 878 658 tenellam
917 584 1063 657 herbam
1098 578 1269 671 (Coulem

210 681 408 766 nimirum,
461 681 590 769 Folia,
636 679 765 752 Fulera
814 680 848 753 dr
890 671 1268 769 Frudtili'cntionem),

211 779 433 872 compatrem
474 776 538 851 sub
580 775 727 851 minima
771 780 897 868 mole3
936 799 1038 871 quum
1082 777 1270 868 postquam

211 897 334 950 annuo
362 874 475 970 spatio
506 874 714 969 retinuere,
741 875 951 972 dehiscunt,
978 877 1173 951 &novem
1191 877 1273 951 her·

210 975 292 1050 bom
326 988 511 1068 promunt.

665 1079 699 1165 §.
750 1071 817 1146 lv.

284 1206 352 1280 Hae
389 1207 552 1282 Gemmae
586 1208 744 1298 inlident,
778 1209 839 1282 vel
874 1206 1101 1296 immediate,
1141 1221 1187 1280 ut
1222 1207 1273 1282 ite

210 1304 359 1398 loquar,
407 1307 526 1382 Rodicr'
566 1305 627 1380 sub
661 1322 755 1378 terra
790 1307 1013 1395 recondite,
1048 1306 1122 1376 vel·
1141 1303 1272 1380 Radici

211 1401 312 1493 supra
360 1417 492 1478 tertam
533 1404 569 1478 in
615 1418 783 1478 truncum
827 1403 1005 1477 ramosum
1048 1401 1272 1496 aliurgenti3

210 1506 295 1587 illo,
321 1502 381 1574 ubi
403 1499 558 1574 cernosae
577 1501 735 1590 fuerint,
763 1516 870 1595 atque
896 1523 1054 1596 magne,
1085 1501 1186 1574 Bulbi
1206 1523 1272 1575 no·

211 1597 309 1672 mine
333 1599 507 1688 veniunt3
544 1620 619 1692 quae
651 1621 742 1671 vero
770 1621 888 1692 porvae
917 1599 1021 1688 sunt,
1049 1612 1088 1670 ut
1117 1599 1158 1671 in
1192 1601 1270 1691 ple·

210 1697 354 1788 risque,
381 1697 443 1768 vix
469 1697 562 1788 opud
591 1697 790 1772 Botonicos
818 1719 953 1772 nomen
981 1696 1165 1769 &famam
1193 1719 1271 1771 me·

210 1814 330 1870 ruere.
381 1793 480 1868 Dum
509 1809 632 1870 autem
667 1796 781 1871 Rodio
812 1795 911 1886 supra
939 1811 1069 1868 tetram
1095 1795 1267 1891 emergit,

167 1905 173 1926 ¹
211 1892 320 1986 inque
346 1894 465 1966 caules
488 1908 729 1985 perennantes
754 1893 976 1980 effunditur,
1008 1892 1067 1964 sub
1097 1892 1268 1966 Frutirrm

212 1988 248 2062 ἂ
271 1993 439 2063 Arborum
463 1991 636 2080 nomine,
670 2008 746 2064 tum
770 1994 906 2065 Gommoe
919 1997 1058 2088 propriu¹
1084 1989 1127 2064 ab
1146 1992 1261 2066 auflo·

209 2087 310 2161 ribus
353 2088 451 2161 <litte
468 2089 615 2202 fuere,
659 2089 776 2183 (unde
819 2089 1079 2162 Botanicorum
1119 2087 1262 2176 plurimi

211 2206 294 2261 cum
321 2188 407 2280 Rojo
438 2157 488 2260 &
500 2189 682 2261 Pontedera
705 2208 864 2284 gemmas
890 2209 933 2280 pr
935 2209 958 2258 o
982 2187 1081 2260 notis
1099 2184 1268 2260 elsentie·

146 2349 148 2356 ,
209 2283 304 2358 libus
336 2285 519 2359 Arborum
552 2285 730 2374 habuere,
765 2307 846 2358 cum
880 2306 898 2357 a
934 2284 1125 2358 duratione
1153 2285 1267 2358 caulis

211 2383 355 2458 easdem
375 2382 559 2457 desumere
576 2382 746 2456 absonum
765 2382 846 2456 fore
862 2374 1156 2495 intellexerint),
1179 2403 1267 2474 quas
1295 2382 1301 2393 '

209 2492 353 2556 tentum
383 2480 420 2555 in
443 2479 607 2574 praesenti
634 2483 792 2554 enodare
814 2480 952 2556 animus
974 2479 1153 2575 precipue
1173 2478 1240 2554 est

380 2756 578 2856 Differentio
600 2643 804 2835 Geminoquo
826 2761 1015 2856 multiplex
1035 2760 1097 2837 est.

285 2903 318 2956 1.
341 2879 432 2953 Alie
459 2877 520 2952 sub
547 2893 643 2952 teror
669 2880 838 2970 latitant,
866 2901 953 2974 quas
981 2881 1118 2956 Bulbos
1147 2881 1268 2959 nomi·

208 2999 358 3069 numus,
384 2987 426 3051 ut
452 2976 612 3052 minores
640 2992 780 3052 taceam
805 2970 850 3068 l).

1113 3099 1147 3150 o.
1177 3077 1270 3154 Alie

212 3202 433 3232 ...,....

207 3257 274 3318 lore
305 3257 381 3315 verit
411 3251 441 3314 dt
468 3251 662 3313 determinato
690 3252 780 3314 succo
814 3257 937 3316 nutritio
970 3255 1070 3314 versus
1102 3257 1268 3330 plantula

206 3351 352 3413 gemmeo,
373 3337 414 3393 ob
435 3335 530 3393 cesum
559 3333 708 3406 prilh'nuro
736 3335 878 3396 foliorum
913 3334 1096 3402 excrescunt.
1149 3337 1268 3397 Semina

207 3433 283 3477 vero
324 3416 390 3475 sunt
431 3415 572 3487 plenrulre
612 3413 769 3488 distinere,
806 3419 930 3490 proprio
961 3416 1086 3476 humore
1115 3418 1267 3494 lrngaraer

206 3499 284 3558 lona
311 3495 467 3555 vel'rculom
492 3497 634 3570 integram
660 3497 844 3557 recondite:
871 3497 941 3558 hine
964 3497 1069 3558 crescit
1091 3499 1269 3570 pronuper

207 3592 335 3654 gemmeo
361 3577 404 3635 uti
425 3575 578 3650 Polypus,
597 3575 771 3648 personina
794 3593 869 3637 vero
890 3579 933 3638 uti
958 3594 1010 3651 per
1030 3593 1090 3638 ova
1108 3579 1268 3648 animuin

206 3658 279 3721 hinc
300 3671 412 3733 gemme
437 3657 536 3729 planta
560 3673 641 3715 nove
672 3657 730 3718 dici
754 3661 879 3734 nequit,
911 3658 960 3718 sed
988 3661 1181 3732 continuem
1208 3658 1268 3718 Se·

205 3751 275 3801 men
293 3749 390 3797 eutem
415 3737 537 3797 omnino
556 3753 638 3798 nova
661 3741 710 3796 seu
737 3755 908 3814 propagare.

248 3830 278 3916 l)
309 3832 447 3896 Gemma·
474 3831 631 3912 tongues
621 3849 651 3894 ro
672 3831 771 3897 herblr
794 3849 856 3897 nuo
881 3834 1010 3900 bulbofir
1032 3849 1100 3899 raro
1123 3835 1272 3988 obseura·
