2602 4788
132 187 135 194 ¹
226 262 296 350 164
461 249 723 366 ¹‹rirrursu
762 247 995 332 crucum.
1112 345 1127 366 ἱ

222 449 353 514 mento
380 436 499 512 Rheni
533 434 750 510 accolarum.
810 431 911 508 Terre
941 430 1156 510 subtililfima
1179 439 1281 515 unita

224 535 311 623 sali,
346 535 381 608 in
411 533 599 609 sufficienti
626 531 819 621 vehiculo,
853 536 978 606 tramit
1017 533 1053 606 in
1093 534 1278 626 crystallus

222 633 402 726 lapideas,
433 655 521 725 aqua
542 651 617 704 non
635 629 816 703 solubiles.
870 630 967 703 Hinc
985 631 1100 704 Boerle.
1126 636 1235 706 Cheru
1251 637 1275 712 I.

216 745 255 830 p.
274 738 359 823 613.
414 733 591 815 Mirabile,
618 727 756 819 inquit,
781 730 864 823 quod
877 731 967 824 finies
983 729 1176 824 fielriliffimi
1198 737 1278 807 artie

224 835 310 901 uniti
336 842 449 916 terre,
480 823 611 924 maffam
636 823 807 918 conficiunt
832 834 867 902 ier
891 850 975 922 aqua
996 829 1163 912 ebulliente
1179 833 1278 904 reue

224 949 381 1022 quaquam
401 929 582 1023 fliluhilem.

295 1067 373 1141 Pari
417 1068 530 1148 modo
568 1065 611 1139 ad
645 1065 760 1136 latera
804 1063 920 1156 vasi,
964 1079 1112 1138 turtures
1149 1064 1279 1162 majori

105 1225 112 1234 .
225 1165 331 1260 capla
358 1178 550 1261 generatur
574 1185 593 1236 a
618 1163 708 1236 vino
735 1085 897 1264 turning

298 1357 416 1433 XVII.
454 1357 546 1448 Bolis
579 1351 739 1453 (XVI).
790 1355 860 1429 Sall
889 1355 1175 1451 crystallisando,
1202 1358 1279 1430 lixi·

100 1476 103 1482 “
223 1455 359 1550 vioque
401 1458 443 1532 ud
487 1456 691 1549 pelliculam
732 1476 843 1546 usque
881 1457 1095 1547 coquendo,
1137 1456 1277 1550 semper

224 1556 403 1630 adduntur
437 1555 566 1643 culmi,
606 1554 741 1645 palea,
775 1567 836 1624 aut
872 1554 967 1625 aliud
999 1553 1178 1645 quoddam
1216 1555 1278 1630 l'rc·

152 1699 155 1708 ·
224 1673 330 1742 curn,
362 1653 458 1747 quod
491 1651 607 1724 statim
644 1648 815 1742 crystallis
842 1651 1095 1732 circumdatur.

299 1797 454 1871 Succhari
483 1789 743 1878 Confeuoren
772 1789 855 1864 dum
890 1792 1059 1889 globulos
1091 1797 1279 1872 Bezoarti·

223 1915 290 1970 cos
316 1891 540 1979 conficiunt,
570 1911 636 1982 pro
673 1889 741 1962 basi
774 1890 909 1964 addunt
946 1891 1064 1966 semen
1096 1895 1272 1989 quoddam

224 2007 286 2068 aut
316 1989 492 2063 corticem
527 1985 755 2060 cinnamomi
788 1988 855 2063 uc.
923 1989 970 2063 Hi
999 1992 1105 2066 etiarn
1133 1995 1266 2068 alumen

223 2104 285 2164 auc
311 2087 406 2161 aliud
431 2086 659 2180 peregrinum
686 2082 730 2157 sal
759 2083 925 2159 saccharo
954 2087 1189 2165 conficiendo
1216 2091 1265 2164 ad·

219 2188 373 2282 jiciunt‚
402 2198 442 2258 ut
468 2183 607 2256 facilius
633 2183 670 2255 in
701 2181 887 2274 crystallus
923 2186 1042 2258 abeat.

301 2322 508 2406 Stulaltites,
543 2317 579 2393 in
612 2316 739 2392 rivulis
774 2323 911 2393 montis
939 2321 1101 2418 Omberg
1126 2345 1270 2418 genere·

221 2439 304 2510 tus,
344 2421 405 2500 ubi
445 2439 534 2510 aqua
573 2438 637 2509 per
675 2433 805 2490 terram
845 2421 1040 2494 calcaream
1077 2421 1182 2511 fluit,
1223 2423 1272 2496 in·

221 2518 355 2592 crustat
391 2537 520 2588 omnes
559 2515 715 2585 ramulos
756 2530 944 2588 emortuos
982 2518 1016 2588 ἀ
1047 2518 1162 2592 siccos
1195 2541 1274 2595 eor·

106 2640 111 2657 ¹
221 2616 296 2690 tice
333 2611 499 2710 lapideo,
528 2609 635 2684 viridi
668 2612 800 2704 plantae
824 2635 1003 2707 nunquam
1032 2615 1169 2695 affixus.

292 2805 426 2884 XVIII.
459 2806 579 2902 Frigus
603 2800 764 2900 (XVI),
787 2806 1043 2901 Crystallisatio
1070 2813 1274 2911 peragenda

219 2910 410 3004 reponitur
436 2905 473 2978 in
501 2908 612 2993 cella,
637 2920 698 2978 aut
730 2909 815 2978 loco
844 2907 997 3002 frigidm
1023 2912 1144 2983 calore
1175 2914 1273 2990 enim

219 3007 484 3098 impediuntur,
511 3025 582 3094 quo
609 3004 725 3077 miuus
749 3004 1019 3096 praecipitentur
1041 3008 1075 3080 ὄι
1096 3011 1272 3106 colligan-

219 3122 279 3179 tur
304 3101 480 3197 crystalli3
516 3102 609 3174 haud
639 3102 743 3172 aliter
778 3123 819 3172 ac
854 3104 980 3191 Uriae,
1013 3128 1088 3197 quae
1115 3107 1152 3180 in
1185 3111 1273 3180 loco

218 3203 336 3278 calido
369 3200 484 3296 posita
520 3219 643 3291 parum
677 3199 863 3272 sedimenti
899 3206 1027 3290 ponit,
1068 3207 1105 3278 in
1136 3205 1272 3302 frigido

218 3315 338 3375 autern
374 3300 451 3372 cito
483 3296 629 3370 albescit
653 3293 947 3391 &precipitatur
967 3297 1091 3395 (XV).

289 3496 324 3582 §.
352 3486 448 3564 XIX.
485 3486 588 3592 Quies
616 3483 775 3584 (XVI).
814 3489 1081 3583 Crystallisanda
1122 3494 1186 3570 nili
1233 3498 1273 3576 iu

217 3588 338 3683 quiete
377 3588 631 3680 collocentur,
667 3610 785 3680 parvae
817 3591 850 3662 lle
877 3589 1087 3685 irregulares
1109 3594 1273 3670 forman·

216 3702 276 3760 tur
302 3681 476 3776 crystalli,
515 3683 614 3756 &in
643 3685 914 3760 vehementiori
944 3703 1050 3766 motu
1074 3691 1138 3766 vix
1167 3691 1272 3788 poffi-

215 3785 298 3860 bilia
330 3779 495 3855 re'dditur
519 3783 639 3858 omitia
667 3783 926 3878 crystallilatio.

1223 3929 1267 4006 κ
1289 3873 1291 3904 .
