2660 4780
71 229 74 252 ¹
212 195 266 280 '·
349 217 510 301 nnntx
549 217 766 346 senten.
1010 233 1080 330 tri

114 417 194 480 non
226 401 358 500 pollint
389 403 594 498 equiperari
617 421 750 502 partes.
804 399 902 482 Hinc
929 407 966 483 ln
990 432 1080 505 pte-

115 502 219 576 senti.
237 499 476 576 necessarium
502 501 607 594 duxi,
633 503 826 608 plenariam
857 505 985 581 radicis
1006 523 1091 600 tra·¹

121 602 205 672 dere
231 597 535 690 descriptionem,
575 616 689 677 uteo
717 604 846 680 melius
874 628 893 677 a
919 606 1078 684 Medicis
1118 603 1121 610 ’

122 695 157 770 da
188 696 477 788 Pharmacopoeie
518 699 678 795 dignosci
717 701 847 795 queat,
895 723 942 776 ne
975 703 1080 783 falsat
1154 781 1157 790 ,

113 795 251 869 radices
283 799 373 868 loco
404 795 569 890 genuine
595 795 819 876 substituant.

65 955 101 1009 u.
129 929 245 1007 Faciet
269 929 398 1005 radicis
425 927 475 1002 esl
498 930 521 1002 li
549 928 655 1024 noia,
681 928 1078 1030 flexuosa,subspitha·

111 1027 239 1116 malis,
273 1029 390 1123 digito
420 951 620 1123 angudior,
648 1031 685 1105 in
721 1033 841 1124 plures
870 1051 991 1108 ramos
1024 1038 1078 1142 di·

111 1127 302 1216 vericata,
338 1119 560 1215 subnodosa,
598 1128 801 1221 inaequalis,
833 1151 914 1224 cum
944 1130 1077 1210 Carina

110 1226 235 1300 minus
262 1221 439 1299 evidente
464 1222 654 1300 secundum
682 1221 947 1320 longitudinem
974 1231 1078 1308 duda

113 1323 149 1396 u
186 1322 342 1397 radicem
393 1311 514 1394 versus
564 1319 660 1398 idem
708 1319 803 1398 latus
853 1323 1073 1402 coarstantc.
1111 1327 1121 1336 “

112 1415 274 1496 Constat·
295 1415 395 1492 radia
423 1419 500 1493 ltaec
524 1415 675 1495 Cortice
704 1419 818 1495 crasso
843 1420 877 1495 dc
902 1424 995 1516 quast
1016 1447 1072 1500 re·

113 1519 187 1594 fina
212 1517 394 1606 saturato;
432 1513 634 1591 Substantia
670 1539 762 1591 vero
795 1517 955 1616 lignosa,
988 1521 1071 1598 soli·

116 1613 181 1708 da,
215 1615 290 1692 five
313 1633 390 1690 non
413 1615 564 1709 porosa,
606 1616 847 1696 teretiuscula.

56 1740 99 1831 β.
139 1751 235 1824 Color
287 1729 480 1822 Corticalia
537 1743 738 1824 substantia
793 1749 942 1826 albido·
959 1749 1073 1830 dave·

113 1843 441 2018 2εὲξὲῃῖἑὲεὲῑί
465 1841 608 1920 cineret
645 1843 820 1934 obdudm
856 1847 1071 1931 Medullaria

53 2105 94 2170 γ.
128 2082 234 2176 Sapor
260 2075 365 2168 hujus
395 2075 513 2169 primo
548 2075 598 2148 cll
627 2074 850 2169 farinaceus,
875 2029 963 2155 mor
989 2081 1069 2156 sub·
1212 2085 1217 2110 '

108 2177 255 2269 acidus,
293 2173 448 2267 denique
488 2189 707 2268 penetrent,
744 2175 931 2270 ercltans,
959 2196 1069 2266 urens

106 2274 236 2350 fauces
268 2293 359 2347 cum
380 2269 562 2362 tufficula,
591 2271 669 2345 sere
702 2269 965 2369 constringens.
1076 2329 1081 2335 .

160 2403 266 2500 Sapor
299 2405 350 2476 lic
375 2407 461 2474 acris
486 2425 623 2476 exurens
640 2403 796 2498 fimulque
825 2405 938 2482 acidus
951 2401 1068 2504 fingu-

190 2503 288 2575 'larir
312 2501 389 2573 adeo
403 2505 568 2595 sentitur,
605 2515 642 2572 ut
660 2499 778 2594 sttnt'lis
806 2508 843 2576 in
871 2518 940 2579 tola
967 2531 1067 2603 regnu
1202 2543 1206 2550 ·

205 2600 379 2695 negetadilt'
399 2605 460 2672 vix
484 2605 674 2695 reperiatur.
1141 2603 1144 2614 “

57 2729 91 2814 l.
135 2735 228 2811 Odor
263 2732 393 2808 nullus.

20 2917 77 2994 19.
111 2891 376 2976 ANALYSIN
386 2895 391 2901 '
417 2893 477 2969 seu
513 2893 731 2988 adequitant
761 2889 890 2971 radicis
907 2887 1070 2970 clienta

107 3020 184 3072 cam
212 2993 470 3070 resolutionem
501 2985 538 3066 in
566 2987 640 3068 hoc
665 2991 829 3069 themate
852 2992 1067 3088 subjungere

105 3099 247 3172 animus
287 3093 380 3179 suit,
422 3089 480 3164 sed
514 3112 621 3182 quum
655 3083 831 3166 sufficiens
866 3091 942 3185 ejus
976 3089 1068 3164 mihi

105 3191 266 3268 defuerit
322 3187 455 3284 copia,
511 3188 703 3284 negotium
752 3187 900 3280 hocce,
955 3199 1068 3282 prout

104 3291 236 3379 volui,
275 3285 419 3380 exsequi
454 3305 528 3360 non
560 3285 679 3379 potul.
744 3281 897 3361 interim
940 3299 1068 3362 tamen

101 3409 174 3486 pro
203 3405 267 3478 ea,
301 3405 368 3480 qua
396 3382 520 3473 licuit,
549 3385 775 3476 quantitate,
802 3379 895 3458 aCl.
913 3377 1066 3456 Praestde

102 3483 392 3569 communicata,
440 3479 613 3554 nonnulla
661 3475 797 3556 institui
836 3483 1066 3576 experimen·

100 3601 165 3674 ta,
190 3596 232 3658 ut
259 3581 343 3657 inde
376 3577 655 3675 cognoscerem,
681 3579 758 3672 'q'ttae
791 3597 912 3671 partes
946 3577 1074 3652 essene.

99 3685 235 3778 plante
268 3676 542 3766 constitutiva,
586 3676 716 3769 quibus
749 3676 927 3771 precipua
961 3695 1067 3749 com·

100 3775 364 3878 prehendatur¹
389 3773 534 3868 virtut,
579 3793 657 3870 que
702 3773 861 3870 denique
884 3793 886 3800 ¹
908 3771 1068 3884 medica-

750 3881 758 3900 ·
945 3878 1064 3946 menta
