2702 4792
208 266 230 317 a
440 231 757 314 OEGONOMIA
794 237 1041 326 NATURAE.

281 414 437 500 Omnia,
470 436 545 508 quae
571 415 675 509 huius
700 419 821 496 muudi
848 422 987 495 ambitu
1015 421 1265 512 continentur,

209 513 389 608 infinitam
420 509 606 608 creatoris.
637 515 844 609 sapientiam
873 523 984 611 pleno,
1009 521 1102 612 quast
1122 542 1189 592 ore
1209 543 1267 604 ce·

209 614 368 701 lebrant,
417 613 652 717 Quaecunque
678 614 773 707 enim
799 613 1111 691 sensibus'nostris
1135 622 1267 690 obver*

210 711 353 800 santur,
397 726 543 801 quaeque
588 712 703 784 menti
744 713 871 786 nostrae
908 714 977 786 sese
1012 716 1267 788 consideranda

211 809 360 892 sistunt,
393 807 443 878 ita
467 806 633 884 instrudia
657 808 759 898 sunt,
784 829 824 884 ut
853 813 896 884 ad
917 814 1066 910 gloriam
1094 813 1267 886 Divinam

212 904 527 991 manifestandam,
573 907 607 976 id
657 905 727 995 est,
772 907 902 998 linem,
944 933 1058 1002 quem
1105 911 1268 983 omnium

214 1025 366 1100 operum
403 1003 544 1075 suorum
581 1001 684 1075 Deus
721 1004 791 1084 eue
823 1007 941 1080 uoluit
972 1011 1158 1097 ultimum,
1186 1030 1268 1098 pro·

215 1102 440 1187 ducendum,
481 1100 625 1176 taudem
668 1117 898 1184 concurrant.
967 1106 1040 1198 Qui
1071 1108 1128 1177 vel
1158 1105 1270 1177 maxi·

213 1222 273 1275 me
297 1199 340 1271 ad
370 1219 411 1269 ea
436 1199 592 1272 animum
617 1199 800 1292 advertit,
828 1226 903 1296 quae
930 1204 967 1278 in
994 1202 1268 1293 Globonostro

215 1293 432 1388 Terraqueu
460 1313 682 1384 occurrunt,
717 1297 747 1370 is
783 1303 882 1379 ultro
912 1300 1269 1402 fateatur„neceue

218 1395 289 1483 esi,
327 1393 449 1467 omnia
479 1393 512 1465 dt
546 1395 678 1490 singula
716 1415 758 1472 ea
793 1398 882 1470 serie
915 1399 949 1472 ἃ
984 1421 1077 1471 nexu
1112 1399 1207 1470 inter
1235 1397 1271 1470 se

217 1493 287 1568 elle
315 1491 507 1592 ordinata,
540 1507 582 1587 ut
616 1493 659 1564 ad
685 1495 840 1574 eundem
863 1494 973 1574 finem
1005 1496 1170 1577 ultimum
1195 1497 1273 1568 col-

217 1593 368 1667 lineent.
421 1585 520 1663 tnta
540 1609 630 1663 vero
657 1589 718 1665 lini
745 1595 870 1702 ingens
890 1593 1014 1669 finium
1037 1593 1274 1667 intermediu-

218 1711 300 1764 rum
334 1685 507 1760 subservit
541 1689 687 1762 cobore.
745 1690 817 1764 Sed
852 1715 933 1766 cum
972 1689 1082 1766 nostri
1116 1691 1272 1765 instituti

220 1809 298 1863 non
321 1785 414 1859 ferat
436 1786 536 1872 ratlu
558 1808 684 1868 omnen
711 1787 792 1874 illos
819 1789 1027 1882 perlustrare
1051 1788 1162 1878 fines,
1187 1789 1274 1862 heic

221 1900 371 1985 leuium
392 1885 648 1979 aumatium
676 1885 724 1964 in.
741 1886 788 1962 tir
807 1885 1024 1976 afferendis,
1049 1910 1125 1980 quae
1150 1907 1280 1962 rerum

224 1997 452 2080 concernunt
489 1985 700 2070 naturalium
735 1985 1063 2064 conservationem.
1124 1985 1178 2060 Ut
1204 1985 1274 2056 ita-

221 2105 290 2178 que
325 2082 546 2157 ¹continuata
592 2081 679 2154 sene
717 2083 788 2157 Rea
818 2083 1012 2158 Naturales
1051 2082 1274 2176 perdurent,

221 2183 393 2276 sapientia
421 2179 556 2254 Summi
578 2179 749 2255 Numinis
774 2183 979 2270 ordinavit,
1006 2196 1047 2256 ut
1073 2203 1139 2272 pro
1163 2181 1275 2253 novis

223 2278 420 2372 individuis
446 2278 686 2370 producendis
717 2295 895 2372 perpetuo
922 2280 1129 2360 laborarent
1149 2277 1278 2352 omnia

222 2377 411 2466 viventia,
442 2367 476 2462 dt
502 2375 625 2449 omnia
648 2373 837 2449 Naturalia
864 2377 908 2449 ad
929 2379 1172 2470 cujuscunque
1199 2375 1277 2468 spe·

110 2545 113 2550 ,
224 2478 292 2569 diei
316 2457 632 2548 eonibrvatinnem
661 2475 901 2552 auxiliatrices
927 2475 989 2550 libi
1015 2475 1171 2550 invicem
1189 2496 1278 2567 por·

223 2569 385 2677 digerens
414 2591 563 2660 manua,
590 2585 697 2664 atque
728 2573 870 2646 demum
905 2573 1008 2646 unius
1041 2573 1208 2646 interitus
1240 2571 1282 2645 dt

208 2667 437 2759 ‘demtum
470 2668 618 2742 alterius
647 2668 867 2744 restitutioni
898 2669 1035 2762 semper
1068 2669 1276 2747 inserviret.

223 2771 281 2851 En
314 2781 588 2864 argumentum,
623 2790 696 2860 quo
726 2771 814 2860 nibil
845 2767 964 2861 potest
993 2765 1062 2839 ess'e
1084 2765 1278 2854 illustrius,

225 2889 294 2944 nec
323 2871 414 2940 adeo
448 2867 634 2962 quidquam
667 2866 834 2961 dignius,
855 2867 890 2938 in
916 2886 987 2958 quo
1014 2862 1282 2938 laboriosorum

224 2966 412 3138 1lp‘nrpiprnn
439 2963 608 3039 industria
642 2963 811 3052 desudet,
838 2963 1103 3056 subatiioraque
1132 2963 1282 3056 ingenia

240 3067 301 3138 uas
324 3065 421 3136 vires
446 3063 708 3155 periclitentur.
760 3064 881 3158 Quum
906 3084 998 3134 vero
1025 3083 1115 3148 nos,
1143 3073 1283 3151 utpote

226 3161 421 3238 terrulentis
459 3159 589 3234 nostrae
627 3161 742 3251 probe
780 3159 968 3246 conscios,
1004 3159 1099 3232 haud
1137 3159 1283 3254 fugiat,

227 3285 303 3357 rem
329 3259 404 3333 ele
421 3261 563 3350 arduam
589 3257 721 3352 suoque
743 3258 905 3350 pondere
923 3257 1149 3354 graviorem,
1173 3277 1287 3348 quam

227 3363 284 3450 cui
327 3359 481 3442 serenda
523 3356 662 3432 debiles
706 3355 816 3428 nostri
862 3356 1000 3430 humeri
1042 3376 1144 3446 pares
1185 3353 1283 3441 sint,

227 3459 370 3550 quippe*
400 3455 458 3538 eui
504 3452 672 3528 rimandae
714 3475 760 3526 ne
791 3453 1095 3528 solertiffimorum
1134 3451 1287 3542 quidem

227 3557 389 3638 vitutum
425 3551 653 3644 eaperientia
682 3550 847 3638 sufficiat,
887 3552 922 3624 dt
950 3571 1054 3641 quam
1091 3549 1289 3623 discutien-

225 3653 307 3727 dam
335 3653 495 3748 ingentia
521 3671 599 3722 non
625 3648 766 3742 pollent
792 3649 981 3722 exhaurire
1003 3648 1209 3731 volumiua;
1245 3647 1288 3720 in

228 3752 387 3825 animum
406 3749 633 3842 induximus,
659 3743 791 3818 summa
814 3761 954 3818 tantum
985 3747 1061 3836 ejus
1086 3745 1203 3832 capita
1231 3745 1288 3815 le·

217 3850 325 3924 ‘viter
363 3847 567 3942 attingere,
600 3841 660 3936 id,
692 3859 864 3938 quantum
888 3840 967 3916 fieri
997 3839 1122 3936 pollis,
1148 3839 1290 3952 prasti-

1069 3965 1079 4006 .·
1191 3948 1291 4030 terr,
