2678 4768
214 217 288 316 196
450 165 691 310 'aeuum
737 175 1006 263 sanonum·

219 385 398 488 composta.
448 379 507 456 Sic
539 379 725 470 Erpngium
759 367 956 462 capitatum
987 357 1022 434 u
1049 355 1176 434 Feraria
1203 356 1292 430 un2

217 495 353 570 bellate
383 482 500 560 minus
530 474 717 550 differunt.

102 699 107 716 .
287 631 361 708 Vel
401 627 510 716 etjam
544 605 747 690 c'oarlletur
782 605 902 680 Cauiis
939 593 1143 674 racemosus
1183 587 1290 662 foliis

115 806 118 816 .
222 732 352 812 altenis
380 717 584 802 &floribus
607 733 651 784 ex
675 710 762 796 alis,
788 701 1115 786 abbrevienturque
1137 686 1291 764 Pedum·

222 833 296 910 culi
325 828 359 900 or
390 817 505 902 rami,
542 813 576 884 &
609 805 757 882 babebis
790 797 1021 890 Capitulum
1051 813 1084 864 e.
1109 809 1164 884 gr.
1238 781 1294 854 Ex

99 945 103 968 '¹
226 925 423 1022 campanula
451 915 661 1007 Phytaumam
686 902 904 994 capitatam,
932 889 1120 992 Jufionern,
1147 883 1296 958 Stabia-

220 1029 311 1128 fam3
341 1041 386 1094 ex
414 1013 563 1090 Limouio
592 1009 739 1080 Staticen
766 999 800 1070 &
825 995 966 1070 similes.

243 1267 250 1284 .
299 1164 358 1238 Sic
393 1155 523 1249 planta
552 1131 943 1244 habitudiversrsfima
975 1124 1147 1238 evadunt·
1185 1117 1301 1229 simil·

181 1289 191 1322 ⁸
226 1255 406 1349 lima‚&
441 1250 563 1322 Partes
597 1243 797 1334 plantarum
835 1249 998 1302 nmmum
1027 1219 1300 1302 dalbmrllrmar‚
1332 1233 1333 1300 q

146 1419 148 1434 .
226 1363 359 1442 similes
403 1344 620 1430 adfinesque.
683 1335 788 1410 Plura
821 1343 1033 1434 enumerare
1067 1317 1235 1416 spatium
1266 1309 1333 1400 &l

228 1475 375 1554 tempus
403 1442 613 1544 probibent.
651 1547 654 1552 Ι

614 1613 698 1714 ‚t
751 1601 852 1684 xvr.

205 1745 211 1760 ¹
308 1769 484 1851 Metbodus
516 1757 694 1836 Naturalis
733 1751 934 1842 plantarum
966 1735 1038 1812 suit
1065 1729 1234 1826 primum
1266 1731 1333 1808 &l

232 1873 400 1955 ultimum
430 1859 614 1957 quaesitum
638 1847 919 1927 documentum,
945 1836 987 1909 ad
1009 1852 1113 1926 quam
1134 1829 1218 1903 rite
1239 1853 1302 1904 ex·

236 1971 450 2053 colendam,
477 1979 553 2032 non
579 1951 691 2026 modo
708 1932 1009 2020 Fruliifrcationis
1031 1928 1303 2002 adcuratiffima

235 2065 407 2164 inspeslio
438 2049 629 2133 necessaria
659 2043 731 2132 est,
755 2039 815 2114 sed
841 2025 1140 2108 &consideratio
1173 2029 1301 2100 totius

262 2175 367 2243 lantae
393 2161 539 2254 ejusque
563 2145 743 2244 partium,
782 2157 858 2228 quae
893 2129 1007 2204 ansam
1041 2125 1139 2198 dabit
1181 2123 1303 2220 sagaci

235 2196 418 2344 gotanico
458 2241 703 2347 perscrutandi
746 2233 945 2310 naturalem
991 2225 1086 2298 illam
1123 2237 1304 2296 catenam

238 2362 497 2448 ordinemque,
534 2365 605 2438 quo
635 2339 786 2414 summus
816 2327 999 2402 Conditor
1025 2323 1168 2414 plantas
1200 2341 1306 2394 crea.

236 2463 308 2538 uit.
361 2457 402 2528 lo
427 2453 482 2524 his
507 2439 708 2519 constituto
736 2430 915 2504 Botanico
947 2437 1168 2518 gemmarum
1212 2439 1306 2491 con.

238 2554 409 2636 sideratio
444 2567 519 2620 non
551 2534 688 2613 minimi
715 2529 765 2604 est
790 2523 991 2606 momenti3
1024 2517 1195 2608 adeoque
1229 2517 1307 2590 ani·

240 2678 321 2733 mus
352 2649 425 2737 est,
461 2643 542 2718 heic
571 2635 711 2708 tradere
740 2627 914 2700 methodum
939 2638 1134 2712 gemmarum
1169 2613 1307 2688 secun-

242 2757 326 2828 dum
350 2763 470 2822 earum
483 2733 720 2814 strudmam,
744 2739 786 2798 ut
801 2721 908 2808 inde,
937 2732 1117 2805 tamquam
1137 2710 1176 2782 in
1199 2733 1308 2786 com.

114 2876 116 2885 ’
240 2849 377 2950 pendio
405 2845 559 2936 planta,
586 2826 783 2926 perspicere
808 2831 916 2912 queat
936 2809 1126 2888 industrius
1142 2803 1333 2888 Naturel

242 2947 355 3044 mysia
376 2941 624 3022 scrutatorque
649 2925 841 3004 summam,
873 2935 962 3005 quar·
980 2910 1017 2983 in
1050 2905 1159 2982 certis
1197 2907 1307 2980 fami.

243 3042 397 3130 illaesi,
430 3027 709 3112 similitudinem.
761 3017 802 3090 ln
835 3013 911 3085 aliis
947 3009 1042 3081 emm
1073 3003 1307 3096 squamam

243 3139 435 3226 standum,
466 3133 503 3203 in
533 3125 609 3200 aliis
636 3137 728 3192 vero
750 3114 924 3188 soliorum
945 3101 1180 3195 complicatio
1207 3099 1333 3180 immi

246 3260 394 3340 gemma
424 3227 595 3311 claustra,
629 3221 666 3290 in
694 3213 783 3303 aliis
799 3208 894 3283 aliud
920 3203 1036 3282 ansam
1061 3199 1311 3276 subministn.

218 3369 223 3382 ·
243 3343 301 3417 bit
331 3332 522 3410 affinitates
560 3311 761 3410 indagandi.

317 3459 565 3548 CLASSIUM
596 3459 716 3547 itaque
746 3437 1061 3532 Gemmarum,-in
1088 3435 1312 3528 arboribus,

178 3659 185 3671 ,
234 3574 444 3652 divmones
470 3557 650 3654 posuimus
685 3551 721 3622 in
749 3547 953 3645 squamarum
967 3539 1134 3636 jlruliura
1155 3538 1204 3622 &⁹
1220 3535 1333 3630 fin*

249 3669 346 3769 quod
376 3683 422 3738 ex
448 3653 677 3750 sequentibus
714 3639 1013 3738 descriptionibus
1036 3653 1238 3726 earumque
1257 3633 1317 3706 di.

249 3764 451 3848 uifionibua
478 3751 629 3848 amplius
655 3742 808 3844 patebit.

1191 3849 1315 3927 a,
