2704 4790
407 215 694 296 aratura.
1036 223 1092 320 ⁶9.

54 421 171 498 genera
200 395 328 487 affinia,
369 409 412 470 ut
445 398 592 474 tandem
629 408 736 472 tanto
776 397 906 475 elarius
943 395 1079 496 speciea

51 497 217 593 patescant
244 493 389 573 Taeniae.
963 501 971 517 “

120 777 288 854 Vermium
334 782 485 860 nomine
520 781 676 856 veniunt
716 782 958 858 communiter
986 775 1081 871 apori

56 874 218 965 Melicos,
252 879 375 953 omnia
409 901 451 953 ea
493 881 725 968 animalcula,
764 905 840 974 quae
875 882 988 952 uitam
1018 875 1080 948 tle·

53 993 125 1064 gere
164 974 395 1050 observantur
440 967 479 1054 in'
519 981 611 1052 tubo
655 977 871 1067 inaestimali,
914 973 1079 1070 quamvis

49 1067 192 1144 rariffima
221 1073 289 1148 sint
311 1077 498 1166 exempla,
536 1078 638 1172 quod,
657 1077 717 1150 bic
747 1077 974 1167 hospitentur
996 1073 1078 1160 alia,

49 1189 138 1258 quam
169 1186 330 1260 vermes,
370 1171 603 1262 animalcula,
638 1175 698 1258 uti¹
725 1173 970 1262 1Nsnc'rn,
1004 1190 1082 1264 quo
1134 1205 1136 1208 ·

50 1286 171 1358 quoque
205 1285 245 1340 ut
275 1270 536 1366 singularilllma
568 1273 604 1345 in
640 1271 958 1346 observationibus
998 1269 1079 1343 Me·

50 1361 190 1438 dirorum
226 1369 469 1460 adponuntur.
529 1370 618 1443 Non
661 1371 821 1466 pigebit,
858 1369 981 1462 palacia
1023 1387 1079 1438 te·

52 1457 148 1532 tulisse
182 1463 296 1538 casum
342 1467 386 1537 de
420 1465 561 1541 lnseclis
603 1469 697 1542 intra
730 1470 855 1540 tubum
897 1465 1081 1540 intestina·

55 1555 123 1644 lem,
145 1573 223 1632 anta
245 1562 338 1636 duos
363 1564 509 1637 circiter
529 1587 646 1640 annon
679 1566 760 1648 heic
785 1564 939 1656 Upsaliae
959 1562 1079 1636 obser·

53 1668 164 1730 vatum.
184 1721 194 1742 ,
214 1659 357 1734 Ancilla
386 1661 536 1751 rustica,
563 1686 627 1756 per
657 1664 840 1737 dimidium
864 1663 940 1737 sete
970 1661 1079 1750 anni,

51 1749 156 1826 doloro
202 1755 410 1832 stomacbali
465 1759 499 1833 bt
553 1763 772 1836 torminibus
827 1761 1078 1848 cruciabatur,

49 1869 115 1922 tum
156 1854 319 1943 vomitu,
370 1857 555 1932 anxietate
591 1861 624 1932 br
671 1860 879 1953 pervigilio.
937 1855 1079 1932 Frustra

46 1947 342 2038 prescribebantur
369 1977 389 2027 a
415 1953 469 2030 Cl.
502 1955 551 2030 D.
579 1957 727 2032 Praesrde
751 1958 784 2030 br
811 1956 913 2044 aliis,
956 1954 1080 2028 omnia
1134 2005 1136 2012 ν

47 2067 108 2134 qua
137 2049 316 2122 vermibus
357 2052 495 2146 opponi
540 2053 679 2142 solent,
732 2054 817 2128 hinc
852 2053 973 2128 relit‘ta
1009 2051 1078 2127 suo

47 2141 131 2234 genti
163 2146 195 2217 lle
222 2147 385 2238 rusticis,
429 2152 461 2224 ei
495 2171 513 2224 a
539 2155 664 2226 vetula
696 2152 852 2226 offertur
885 2149 1094 2224 decultum·

47 2235 426 2339 Licheniscujuadam,
461 2249 656 2342 Elp‘noesaoer
690 2249 793 2332 litai,
820 2251 920 2342 cujus
949 2249 1003 2318 vis
1044 2247 1078 2324 it
1177 2328 1181 2340 Χ

47 2335 172 2412 assellus
207 2327 347 2436 semper
391 2347 427 2420 in
472 2348 568 2422 hunc
613 2371 726 2440 usque
770 2347 862 2421 diem
907 2347 1078 2420 Meditoa

46 2434 313 2534 latuit„praeter
339 2465 421 2518 eum
460 2459 601 2520 tantum
641 2448 763 2535 usum,
801 2468 905 2538 quem
946 2461 1079 2520 contra

48 2531 187 2623 Aphthas
220 2537 405 2632 praestitit,
444 2542 478 2615 bt
508 2541 560 2618 en
595 2545 654 2618 hie
691 2545 908 2620 MUSCUS
941 2547 1078 2618 cannati·
1111 2622 1116 2632 ,

47 2631 79 2738 lit
109 2631 191 2712 Mat.
225 2639 323 2710 med.
344 2661 427 2735 49²·
479 2639 666 2734 Postquam
695 2665 810 2741 aegra,
843 2665 909 2734 per
938 2643 1078 2732 aliquot

50 2725 126 2818 drea,
160 2733 229 2808 boc
280 2735 481 2812 assumserat
525 2741 738 2830 decenum,
785 2763 849 2834 per
892 2741 1077 2816 vomitum

52 2822 177 2903 lervel
219 2834 358 2926 septem
398 2837 508 2928 ejecit
557 2861 701 2912 vermes
750 2855 911 2926 ovatoa,
953 2837 1076 2912 caudis

56 2921 220 3020 elongatis,
263 2953 376 3022 quoe,
415 2931 470 3018 Cl·
493 2935 595 3010 Dtno
616 2925 779 3022 Paeana,
808 2937 869 3009 die.
892 2936 1076 3010 vomitum

51 3013 125 3094 bunc
163 3027 306 3103 felicem
347 3030 580 3126 insequente,
627 3035 789 3109 exhibuit
829 3033 923 3127 ipsa,
966 3033 1074 3124 dum,

52 3123 183 3196 tramine
218 3125 409 3218 instituto,
449 3131 592 3206 invenit
626 3153 692 3206 eos
715 3147 857 3207 tantum
889 3129 961 3206 else
988 3130 1075 3204 Lar·

49 3232 98 3320 l’ll
128 3223 317 3299 MUSCAE
351 3234 487 3302 tutoris.
549 3231 655 3304 Faria.
700 3234 795 3305 Sacc.
825 3241 930 3322 1084.
1002 3226 1076 3303 Sed
1128 3305 1133 3316 ,

53 3310 254 3412 insanorum,
295 3339 427 3416 utpote
463 3349 485 3400 a
519 3327 703 3404 vermibus
739 3325 1074 3404 distinbiiffimorum
1162 3346 1165 3358 ¹

55 3409 245 3509 animalium,
303 3422 633 3512 considerationem
684 3439 969 3522 pretereuntes,
1029 3422 1074 3500 arl

52 3519 164 3590 vernes
203 3539 275 3595 nos
309 3521 547 3598 conserimus.
902 3557 905 3562 ·
