2702 4792
257 241 310 338 ,ε
482 233 800 321 oeconoma
844 245 1092 330 urrann.

257 457 264 472 ·
333 411 420 497 Neo
449 433 574 498 tamen
609 427 732 501 omnia
768 428 955 518 animalia,
999 454 1076 523 quae
1111 430 1223 505 hieme
1256 435 1309 508 ab:

254 511 427 612 inuadit,
458 523 562 596 hosce
587 526 713 618 jejunii
744 526 841 620 leges
872 529 1090 602 observant:
1133 529 1310 606 Nonnulla

255 635 363 718 penu
395 615 493 695 strum
528 621 707 696 instruunt
735 625 860 697 estivo
895 626 1152 702 &autumnali
1178 645 1310 722 tempo·

259 731 326 807 τε,
352 741 399 792 ex
425 739 499 812 quo
533 720 678 811 postea,
713 744 789 815 quae
814 725 875 796 irbi
906 725 985 797 sunt
1011 726 1227 813 uccellano,
1259 729 1309 798 de·

257 829 457 991 gomunt,
501 834 543 892 ut
586 821 730 909 Mures,
767 824 895 896 Coruus
933 825 1154 914 Glandnrius,
1193 829 1310 913 Sciurl,

257 935 260 950 ·
299 931 370 1012 pes.

688 1058 731 1176 ς(
775 1079 896 1198 xuu.

336 1295 428 1396 Quae
453 1299 496 1372 de
519 1297 664 1391 avium,
691 1299 735 1372 ad
758 1313 900 1374 exteras
921 1301 1112 1398 regiones,
1137 1297 1311 1396 migratio·¹

258 1403 417 1492 mejam
452 1401 570 1470 verbo
613 1399 843 1487 monuimus,
887 1400 1002 1474 ansam
1045 1400 1154 1472 nobis
1195 1397 1310 1472 submi·

256 1498 438 1588 militent,
472 1498 565 1571 hanc
590 1517 668 1570 rem
695 1498 848 1573 ulterius
875 1496 1048 1590 exemplis
1079 1495 1283 1570 illustrandi.

340 1697 485 1768 Sturnos
522 1696 673 1784 vulgaris
713 1690 793 1785 post
832 1690 988 1766 mediam
1024 1692 1206 1782 estatem,
1231 1711 1309 1764 uer·

255 1808 342 1877 mea
391 1791 485 1885 apud
533 1813 601 1862 nos
649 1790 767 1863 minus
815 1790 963 1881 copiose
1018 1792 1234 1882 inveniens,
1274 1785 1311 1860 ad

256 1890 453 2064 ῗςεέἑιέῗῑω,
497 1887 731 1966 Germaniam
768 1887 803 1961 δι
839 1887 994 1964 Daniam
1033 1891 1230 1985 quotannis
1262 1887 1311 1962 dr·

337 2185 501 2278 Fringilla
532 2185 643 2259 celebs
683 2181 840 2274 femine,
877 2181 978 2256 omni
1014 2181 1164 2277 hieme,
1198 2178 1313 2256 nostrai

255 2285 312 2362 lea
338 2283 509 2379 regiones
544 2297 698 2376 petens,
733 2283 828 2354 circa
859 2273 1000 2357 Festum
1039 2281 1234 2354 Micha‘e‘lis
1259 2277 1312 2352 aa·

260 2383 399 2458 taviaro
425 2381 640 2455 catervatim
672 2395 860 2472 peragrat3
897 2395 1127 2454 comantem
1160 2381 1239 2453 heic
1267 2397 1312 2448 re·

262 2493 433 2554 maneant
480 2478 646 2564 masculi,
686 2478 856 2570 proximo
891 2500 979 2549 vere
1015 2477 1227 2570 revolabit,
1258 2471 1313 2550 nil

261 2577 498 2655 matrimonio
531 2575 564 2649 se
590 2576 743 2648 solutam
772 2575 843 2648 elle
873 2577 976 2648 velit.
1232 2575 1237 2584 ’

337 2771 512 2851 Similiter
559 2771 728 2865 Fringillae
772 2777 953 2865 oryziuorae
999 2767 1162 2862 femina,
1207 2763 1315 2845 mense

254 2867 493 2974 §eptembrh
540 2869 623 2944 dum
672 2869 709 2944 in
752 2867 852 2943 Cuba
892 2871 1032 2943 horreis
1074 2869 1234 2962 reposita
1272 2859 1315 2936 ell

268 2980 412 3071 oryza,
461 2991 528 3063 qua
581 2966 769 3058 vescitur,
819 2968 941 3040 versus
989 2967 1144 3041 austrum
1209 2963 1314 3061 fugit,

251 3053 353 3146 ‘vere
401 3083 524 3144 autem
570 3066 779 3160 insequente
822 3067 1046 3158 revertitur,
1091 3087 1230 3141 marem
1269 3061 1317 3134 in·

260 3171 390 3247 visura.

334 3375 433 3454 Aues
458 3359 584 3469 'nostra
621 3378 776 3468 uquotlcae
807 3373 938 3463 quouis
980 3383 1160 3448 autumno
1200 3370 1319 3446 austra·¹

261 3479 336 3553 lem
372 3471 511 3571 plagam
552 3485 681 3565 petere
722 3472 898 3546 necellum
939 3472 1097 3558 habent,
1133 3480 1319 3562 antequam

265 3598 356 3669 aqua
385 3571 469 3646 lreic
496 3571 645 3664 glaciem
683 3569 819 3642 induat.
881 3571 941 3643 Sic
972 3567 1144 3643 novimus
1180 3567 1320 3662 paludes

263 3670 459 3748 Polonicas
488 3667 522 3741 δι
547 3665 779 3741 Lithuanlcas
805 3669 1008 3754 fluetibus,
1037 3665 1177 3763 Cygnis
1202 3668 1237 3740 u
1253 3667 1322 3738 An·

264 3771 400 3846 seribus
428 3779 604 3841 autumno
627 3765 780 3838 refertas
816 3765 908 3857 elie,
936 3785 1008 3860 quo
1031 3765 1175 3860 magnis
1199 3759 1321 3838 turmis

249 3867 405 3966 seorsum
440 3885 505 3960 per
531 3865 631 3939 varia
660 3863 809 3940 flumina
833 3887 945 3961 usque
973 3862 1017 3937 ad
1035 3861 1200 3941 Pontum
1221 3859 1322 3936 Enri-

1242 3975 1321 4036 nura
