2604 4788
360 185 467 266 PAN
505 179 709 264 turcus.
742 254 746 264 ,
994 214 1066 292 333

44 389 103 447 utu
122 365 327 463 precipuum
351 363 397 442 srt
420 387 627 457 venenum,
654 365 721 442 etfi
747 362 965 444 Aminiam
978 374 1063 463 267,

43 469 174 564 Mprfirtir
201 489 292 562 149,
325 466 540 542 Macareus
563 475 655 560 823,
688 465 835 562 Drosera
860 487 943 560 257.
973 477 1065 558 258,

45 565 150 662 Juruu
175 577 262 658 287,
295 565 478 640 namura
499 573 594 654 458,
621 565 657 638 δι
683 564 884 658 Pingticula
901 585 959 638 21.
987 583 1066 644 nou

46 663 159 754 optiue
186 663 253 736 iint
276 675 387 738 note.
447 661 652 754 Propourur
678 661 790 757 igitur
827 681 968 738 novum
1004 683 1067 738 ex·

49 761 263 852 perimentum.
300 757 505 834 KALMIA
522 758 678 834 latifolia
689 759 786 852 foliis
803 767 911 836 ruatis
927 759 1066 850 oimssr,

52 861 142 932 curilis
170 857 357 952 ceryrrrirfis
384 855 762 950 iufundiiuiifrrmiirrt,
784 861 981 952 genitalibus
1008 861 1063 934 dt·
1118 926 1123 947 ,

50 959 146 1052 cir'rrtr'r
187 957 239 1030 Fr
277 959 405 1052 Vergin.
434 958 518 1028 160.
557 955 594 1032 in
630 955 797 1128 virginit
835 955 975 1034 Ovium
1012 953 1066 1034 est
1103 1018 1122 1054 ,

45 1051 290 1152 praeientrueuru
367 1073 580 1146 venenatur
654 1052 856 1130 KLMIA
913 1053 1068 1154 angusti·

44 1149 110 1220 iulia
165 1149 301 1246 Duers
352 1151 491 1226 Laterii
545 1153 636 1226 cvra.
704 1155 764 1228 ati.
833 1151 910 1250 Ups.
956 1173 1064 1248 1743.

42 1249 243 1341 p.1n3.,in
298 1247 554 1324 Noveboraeu
605 1247 750 1324 Ovibur
803 1252 959 1326 maxime
1011 1249 1065 1328 est

45 1343 184 1434 pestifere.
255 1347 325 1422 Hae
361 1345 443 1424 suut
479 1367 525 1422 ex
555 1365 632 1422 uno
660 1367 793 1442 genere
818 1347 972 1424 naturali
1000 1341 1066 1440 ζ’)

50 1439 209 1518 differentis
240 1443 398 1540 speciei,
434 1445 598 1538 edeoque
635 1445 787 1521 eundern
821 1445 959 1522 hubent
989 1445 1065 1525 vir·

50 1549 141 1614 turen.
187 1541 300 1636 Apud
327 1562 421 1632 nor,
462 1542 656 1636 presertim
690 1543 728 1618 iu
765 1544 872 1618 terrie
908 1544 1066 1620 boreali·

52 1633 110 1726 bur,
130 1638 238 1732 pessiur
266 1639 396 1716 crescit
431 1639 471 1716 iu
507 1639 694 1734 paludibus
726 1639 1067 1724 ANDROMEDA

47 1752 112 1822 335,
131 1757 222 1830 que,
248 1753 294 1812 ut
315 1735 472 1814 mtxinre
496 1736 609 1837 tffiuie
634 1739 762 1816 ordine
784 1743 960 1830 naturali,
986 1757 1066 1820 ttu-

46 1849 120 1914 purn
155 1857 198 1910 ex
234 1834 368 1910 eudem
396 1855 551 1932 genere,
583 1835 714 1912 nostrie
758 1853 875 1913 uocet
905 1838 1064 1918 Ovibur.

43 1923 103 2000 Huc
135 1935 294 2021 accedit,
327 1934 448 2028 qnod,
488 1933 659 2027 quoniam
701 1948 777 2010 tter
813 1936 891 2012 eliae
927 1934 1063 2031 specier

41 2023 354 2110 ANDROMEDAE
401 2035 485 2128 336·
531 2051 615 2124 337.
672 2043 753 2126 338.
812 2035 979 2110 creseunt
1024 2038 1065 2116 in

42 2119 199 2217 irpponiae
232 2131 394 2224 arpinus,
426 2129 478 2203 ibi
511 2129 616 2205 nuilae
644 2128 739 2204 bene
766 2130 916 2207 vtieunt
942 2132 1063 2230 over,

46 2217 207 2302 itandern
245 2229 334 2302 iicet
359 2229 486 2304 urm
511 2247 595 2320 34¹·
622 2245 700 2302 uun
731 2227 775 2301 fit
806 2224 942 2322 speeier
968 2233 1062 2307 AN-

44 2309 299 2418 DROMEDAE,
344 2325 402 2399 sed
438 2346 486 2400 ex
516 2324 643 2400 erdem
672 2337 794 2400 temen
823 2325 929 2402 cluiie
957 2343 1063 2410 natu·

41 2413 100 2507 nii,
122 2424 291 2498 credibile
328 2421 381 2498 est
413 2423 540 2498 Ledren
578 2443 655 2498 uon
687 2423 867 2516 optimum
898 2430 1060 2518 prebete

41 2513 139 2590 ovibus
168 2522 447 2598 nutrimentum.
498 2519 588 2596 Haee
622 2519 804 2596 sententia
833 2521 1062 2617 iuopinrtnnt

40 2604 81 2682 dtr
113 2619 307 2710 pastoribus
348 2617 480 2698 nostrie
518 2617 771 2714 ueetfiuneur,
808 2623 1061 2714 experimenta

39 2723 94 2782 un
128 2717 262 2791 ovibus
303 2715 534 2808 instituendi,
573 2729 707 2809 utpote
747 2717 808 2810 qui
852 2719 926 2794 fine
967 2727 1063 2820 ejur-

41 2807 107 2880 nodi
138 2813 308 2905 periculis
343 2834 525 2908 nunquam
568 2815 673 2907 culpe
710 2833 842 2890 vetare
884 2818 1059 2919 poffuut,

41 2917 92 2977 uu
118 2907 153 2985 in
181 2913 257 2988 hnc
286 2913 391 2988 itum
424 2911 468 2986 itt
504 2911 622 2986 totius
657 2913 776 3008 gregir
807 2917 1057 2998 commodum.

37 2989 133 3094 Eique
153 3023 288 3084 notatu
313 3005 573 3107 tigurinum,
605 3009 701 3102 quod
722 3011 899 3086 Bottnict
915 3013 1061 3091 Ameri-

36 3113 115 3192 rrna,
142 3109 205 3182 vel
233 3109 271 3183 iu
299 3105 678 3195 remanentium,
708 3109 771 3187 det
798 3109 907 3185 nobit
939 3115 1058 3195 ensem

35 3199 184 3290 cogitandi
211 3205 257 3280 de
279 3209 389 3280 rebur
411 3203 625 3299 utilisfirnir‚
654 3204 700 3280 de
728 3206 858 3301 quibus
885 3212 1059 3308 entiquur
1092 3243 1097 3254 ·

33 3293 178 3376 urbisne
205 3303 351 3398 quidem
382 3301 590 3382 somniavit.
929 3341 936 3358 ·

82 3475 135 3580 r)f
145 3495 236 3573 Inde
271 3498 510 3574 oeconomus
540 3494 633 3592 juste
668 3497 832 3592 judicare
862 3505 984 3596 potest
1014 3511 1060 3588 de

30 3588 229 3688 pratiatur,
258 3595 294 3672 ἀ
324 3595 436 3672 diseat
470 3610 704 3786 cergtspratr
735 3595 813 3672 tliir
844 3601 1058 3782 mimngffi

53 3887 82 3966 'i
98 3899 203 3970 hini·
224 3921 254 3976 r.
276 3904 306 3970 it
325 3927 358 3980 t·
