2604 4788
249 279 322 353 274
610 249 938 332 senncnnnm

250 437 373 536 giem,
399 432 538 510 iirmmo
556 433 659 506 caule
681 432 724 508 ad
748 431 945 527 capitulum
970 431 1183 528 scutigerm:
1214 433 1275 528 Eju

252 542 335 612 enim
359 538 501 632 capitula
530 535 672 606 umrettae
696 533 785 628 satis
817 535 949 626 ample,
976 537 1131 626 elegantis
1154 538 1271 628 montet

252 639 389 721 coloris,
414 634 543 726 scutum
566 634 792 724 quodammodo
818 629 989 723 referentis
1012 635 1111 704 medio
1137 631 1266 719 (concur

248 727 365 829 purte)
403 735 619 814 innituntur,
661 731 704 801 ud
735 729 836 802 Dum.
883 729 1019 804 Pctiuer
1056 753 1095 801 ex
1135 729 1269 821 Nururgu

251 825 342 926 miffa
366 827 421 922 est.
479 825 612 918 Neque
649 825 771 900 verbis
804 828 987 902 Piuienetii
1018 825 1146 900 adlatis
1173 827 1273 900 notitia

252 928 329 1099 {jin
362 923 479 998 evasit
507 923 662 1018 clarior,
701 923 877 1019 imprimis
901 945 984 1002 cum
1012 921 1148 1001 nullam
1171 923 1277 1000 dederit

280 1044 417 1124 gutum.

331 1233 513 1310 BOBAR
523 1231 622 1309 TUS
657 1233 694 1310 in
737 1234 892 1330 {lustitia
922 1241 1113 1334 plantarum
1152 1229 1279 1324 Marcioni

261 1339 332 1412 Vol.
352 1333 429 1408 III.
464 1355 561 1406 anno
593 1336 697 1428 1699.
733 1334 917 1425 edito,&
949 1333 1093 1428 quidem
1126 1348 1198 1428 pag.
1218 1335 1278 1418 630.

254 1457 290 1509 n.
315 1456 370 1507 ro.
390 1432 485 1504 hunc
509 1430 723 1506 introducit.
777 1431 978 1506 MUSCUS
995 1445 1192 1506 coronatus
1208 1425 1279 1498 Nur·

254 1532 404 1628 vegicus¹
441 1527 608 1620 pediculo
652 1528 879 1624 longiffimo,
923 1529 1138 1606 umbraculo
1180 1525 1278 1616 emptu

261 1625 629 1722 Notitiu·speciofiffimi
649 1631 744 1720 drtjut
763 1628 876 1725 Musei
892 1631 994 1704 Dum.
1016 1621 1155 1702 Petiver
1177 1627 1240 1721 (qui
1251 1641 1278 1694 et

256 1725 386 1823 adsueta
429 1725 590 1816 industrio
628 1748 643 1798 e
679 1727 855 1819 Noruegia
893 1721 1087 1822 adquifiuit)
1122 1727 1218 1798 dedito
1240 1719 1277 1812 est·

167 1840 176 1856 ·
257 1828 352 1902 Fuiiu
384 1829 420 1896 ci
443 1821 601 1916 ungusta,
622 1826 876 1918 precedentibus
900 1825 1042 1919 similia,
1066 1840 1128 1920 per
1161 1823 1278 1896 urrdudd

257 1924 486 2015 longitudinem
526 1925 718 1994 cauliculum
751 1925 974 2018 cuuuestr’uut3
1006 1945 1022 1994 e
1052 1945 1186 2017 quorum
1210 1919 1278 1990 ned·

259 2026 395 2114 erigitur
417 2021 582 2114 pedicuius
612 2023 739 2107 nudus,
763 2026 918 2112 gracilis,
945 2024 1060 2106 uvis,
1084 2037 1184 2109 narrt
1203 2015 1276 2110 spui

259 2126 335 2194 lices
353 2121 473 2200 uitus,
503 2123 557 2211 qui
589 2122 807 2192 umbraculum
835 2121 1008 2194 rotundum
1028 2120 1216 2214 semunciuit'
1231 2113 1273 2184 de

258 2235 378 2303 metro,
396 2210 620 2310 compressum,
642 2219 818 2290 ruberrimu
840 2223 942 2292 colore
954 2214 1128 2309 inscitum,
1146 2222 1181 2290 in
1189 2216 1274 2310 suunt

248 2311 412 2414 fiuffuuit.
468 2311 606 2385 Primus
628 2313 750 2406 itaque
771 2312 1051 2411 descriptionem
1070 2307 1277 2408 quamcitiu-

257 2410 450 2508 perfetum
478 2408 599 2500 dedit,
633 2413 691 2484 cui
710 2414 789 2508 seii.
810 2435 868 2504 15.
906 2429 932 2489 t.
953 2437 986 2509 7.
1019 2411 1134 2506 fito.
1171 2409 1279 2486 icontd

259 2511 417 2584 admetiit
441 2506 716 2602 petiuerianam.

284 2741 290 2753 ¹·
331 2722 516 2823 RAJUS
556 2745 700 2818 quoque
738 2726 854 2802 Musei
875 2729 996 2822 ¹'surim
1036 2715 1281 2806 communiori&

259 2825 486 2900 mentionem
522 2822 560 2898 in
589 2825 744 2912 Historiae
772 2829 969 2902 Pianturum
997 2831 1067 2902 Vol.
1091 2829 1170 2904 III.
1195 2811 1282 2918 (qnod

259 2923 397 3017 prodiit
422 2942 519 2994 anno
545 2916 674 3014 1702.)
706 2940 780 3018 pag.
799 2947 856 3020 37.
879 2925 1043 3016 faciens,
1067 2926 1212 3001 nominc
1227 2935 1282 2990 vti·

261 3011 387 3114 bisqde
416 3022 597 3094 Plukeuetii
622 3020 656 3092 dt
682 3023 831 3096 Petiveri
861 3037 1061 3100 contentus
1094 3023 1182 3098 nihii
1211 3010 1282 3110 quid·

262 3141 364 3212 quarn
388 3117 497 3194 addit.
550 3117 684 3205 Forte,
724 3117 917 3195 deficiente
942 3123 1048 3216 hujus
1078 3119 1283 3218 cognitione,

263 3219 420 3291 debitam
445 3213 478 3286 ei
503 3214 641 3289 adferre
666 3216 782 3292 iucem
807 3240 875 3293 nec
895 3221 953 3308 Is,
976 3241 1046 3294 nec
1072 3214 1283 3310 Tourmsntiu

261 3315 409 3406 potuit,
447 3329 487 3384 ut
515 3335 572 3386 me
605 3314 751 3386 credere
785 3316 908 3390 suadet
949 3337 1106 3409 nomen,
1138 3313 1228 3411 quod
1249 3303 1283 3377 ili

270 3414 332 3486 TO
343 3403 599 3484 URNEFOR
611 3412 664 3483 TI
670 3413 731 3485 US
765 3413 799 3486 in
842 3417 1104 3508 institutionibus
1131 3433 1206 3512 pug-
1223 3427 1281 3500 550·

261 3510 414 3597 tribuit,
462 3506 684 3598 specificurn:
742 3509 959 3604 LICHEN,
1010 3519 1177 3611 capillaceo
1207 3506 1283 3600 sotir,

262 3611 397 3696 elutior,
432 3611 522 3700 peiui
548 3609 740 3686 ruderrimu.
793 3611 916 3703 Quum
955 3624 1073 3704 neque
1106 3602 1285 3702 descriptio

261 3726 344 3778 nern
370 3724 486 3796 neque
512 3703 655 3778 iconem
682 3708 980 3803 emendaverint,
999 3709 1060 3784 sed
1076 3710 1194 3800 ficco,
1213 3691 1286 3798 quiid

254 3803 383 3902 ¹diunt,
412 3801 504 3896 pede
528 3803 780 3898 preterierint.

1243 3929 1285 4006 su
