2704 4790
313 157 644 252 oeconomia·
675 157 924 254 NATURAE.
1021 215 1023 220 ,
1098 183 1148 274 ὃς

82 341 485 439 tandemtandem
521 347 581 424 vel
611 357 847 436 temperatam
877 338 1142 434 inhabitarent,
1174 333 1189 340 “

80 445 159 516 alia
198 443 354 536 deserta,
390 459 560 530 montes,
602 443 727 531 siluas,
770 447 916 545 paludes
949 443 1009 524 uel
1043 455 1146 532 prata
1283 443 1285 456 ’

84 557 334 631 occuparent,
363 541 424 617 ubi
448 539 582 625 seilicet
606 563 731 614 eorum
753 557 889 622 natttrae
914 540 1143 626 eopuanienp
1197 588 1202 598 ,

87 640 194 713 cibus
231 639 401 714 abundat.
475 639 559 715 Hoc
607 639 710 732 patto
752 642 849 724 nulla
883 638 934 714 eli
968 631 1144 730 terrestri}

89 735 213 846 regio,
239 739 374 814 nullum
399 759 542 828 equor,
568 740 685 814 nullut
713 737 873 824 fluvius,
889 738 992 822 nulla
1017 736 1143 826 plaga,

87 835 174 924 quin
206 837 305 910 varia
338 835 503 910 animalia
532 836 745 924 contineat,
771 835 992 946 nutriatpue.
1046 831 1144 922 Hinc

80 953 230 1022 quoqne
268 931 395 1006 diverse
430 933 573 1030 generis
606 934 756 1021 animal,
795 935 844 1006 alt
847 934 898 1004 eri
932 935 1144 1015 alimentum

77 1029 279 1122 ptaeripeta
314 1031 464 1123 nequit,
502 1031 598 1125 quod
632 1031 652 1104 ir
688 1029 818 1118 fieret,
853 1030 941 1122 supe
974 1045 1036 1116 aut
1064 1029 1151 1118 vita

79 1142 146 1208 aut
179 1126 309 1209 sanitas
334 1131 409 1219 eiua
434 1129 544 1205 valde
572 1129 863 1223 periclitaretura
901 1129 935 1202 dt
974 1130 1041 1208 laec
1079 1125 1142 1218 dep

77 1245 182 1298 mum
208 1225 374 1316 tatione,
398 1240 459 1300 tot
490 1249 531 1300 ae
561 1227 678 1306 tantis
706 1229 829 1310 totius¹
854 1227 1048 1312 univerit
1039 1246 1142 1301 tneo

76 1323 148 1413 lia,
179 1325 280 1398 nullo
311 1347 385 1399 non
413 1340 578 1418 tempore
605 1326 864 1402 nutrimentum
892 1325 1048 1418 suppetit
1080 1343 1141 1394 ot·

79 1421 165 1510 bia,
191 1423 280 1504 nihil
308 1436 398 1498 uero
426 1445 551 1502 cerum
580 1447 658 1516 que
683 1440 776 1500 terra
800 1423 996 1516 producit,
1021 1438 1061 1501 ut
1087 1419 1140 1492 in·

82 1523 176 1594 utile
198 1539 261 1598 aut
286 1520 499 1614 superfluum
522 1523 735 1614 relinquitur
754 1517 801 1610 e).
849 1521 992 1605 Pauca
984 1541 1020 1597 tn
1046 1522 1139 1612 hana

49 1631 159 1694 'tem
193 1618 334 1700 adferre
366 1621 550 1714 exempla,
591 1621 683 1694 haud
717 1622 760 1694 ab
798 1613 952 1698 instituti
992 1619 1139 1700 tatione

76 1717 238 1792 alienum
278 1715 386 1807 duxi,
426 1739 472 1791 ex
511 1719 636 1810 quibus
675 1719 782 1809 etjam
828 1718 993 1810 patebit,
1033 1737 1139 1806 quan

71 1815 238 1907 provide
266 1813 416 1889 Nature
442 1815 576 1906 Opifex
610 1816 753 1909 lingulis
785 1815 997 1896 animalibus
1027 1817 1138 1891 talant

70 1914 293 2004 procuravit
319 1914 507 2002 dmidium,
538 1916 649 2005 qualis
673 1915 840 2007 regioni,
861 1936 966 2005 quem
999 1910 1137 1998 inhabi5

71 2023 183 2097 tant,
212 2009 301 2084 ellet
319 2010 637 2100 accommodatur,
661 2033 728 2086 nec
753 2033 828 2086 nen
859 2033 966 2102 quam
1000 2011 1137 2096 affabre

71 2108 261 2200 eorporis·
285 2107 454 2184 struitura
493 2111 735 2202 cujuscunque
771 2110 932 2188 animalis
971 2113 1066 2180 vitae·
1101 2109 1137 2192 dt
1235 2157 1239 2166 -

72 2206 140 2278 soli
167 2206 314 2301 generi,
343 2208 402 2282 ubi
423 2210 579 2302 degunt,
607 2224 729 2301 aptata
755 2207 829 2298 eil,
856 2222 897 2279 ut
920 2207 961 2278 ad
985 2209 1062 2288 illas
1081 2227 1137 2282 te·
1211 2291 1215 2302 ,

70 2304 232 2399 glomer,
256 2327 341 2398 quae
367 2305 556 2396 utcoluut,
590 2309 697 2388 unice
722 2306 896 2386 destinata
927 2305 1133 2386 videantur,
1199 2353 1206 2376 ,

150 2501 283 2586 Simia,
314 2502 508 2598 Elephantis
535 2503 569 2576 dt
602 2505 831 2586 Rhinocerotes
847 2502 1130 2598 vegetabilibut

68 2597 108 2676 in
150 2598 275 2670 calidis
316 2598 427 2676 solum
472 2602 703 2696 regionibus,
743 2623 808 2694 pet
845 2615 965 2677 totum
998 2621 1132 2688 annum

70 2695 342 2787 crescentibus,
376 2697 592 2787 vescuntur,
632 2699 786 2792 ideoque
819 2701 874 2778 ilii
908 2699 995 2777 fixas
1030 2697 1130 2782 sedet

70 2793 193 2868 sortiti
218 2793 310 2868 sunt.
363 2793 453 2868 Cum
485 2819 576 2868 vero
598 2797 659 2872 Sol
687 2797 938 2872 fervidilimos
964 2799 1046 2870 heic
1076 2818 1131 2870 ra·

74 2892 157 2966 dion
194 2891 355 2988 spargat,
395 2895 458 2968 tali
493 2895 652 2988 gaudent
686 2914 812 2974 natura
846 2897 880 2970 dt
912 2897 1062 2982 indole,
1088 2907 1131 2969 ut

71 2994 205 3068 nullam
222 2991 292 3064 illis
308 2992 473 3066 adierant
495 3015 647 3068 noxam:
672 2993 781 3087 quid?
810 2997 907 3086 qued
927 2995 1128 3082 redimere,

69 3110 142 3164 unat
177 3109 260 3164 cum
293 3091 438 3176 reliquis
471 3091 592 3164 hatum
629 3094 817 3187 regionum
846 3093 1001 3181 incolis,
1030 3095 1130 3172 inca-

71 3189 179 3275 dant,
214 3209 296 3263 cum
333 3189 417 3260 aestu
456 3189 540 3264 alias
580 3190 685 3266 facile
720 3191 904 3286 perirent,
949 3191 974 3266 st
1006 3187 1129 3284 pilosae

71 3287 223 3378 pellibus
253 3303 483 3362 ornarentur.
1168 3322 1169 3330 Ν

141 3458 336 3573 Rengisnis
363 3495 508 3558 contra
552 3483 750 3563 constituta
796 3485 894 3562 sedes
940 3483 991 3562 cst
1028 3482 1127 3578 frigi·

71 3576 200 3654 diffima
234 3577 448 3672 Lappenia,
478 3583 645 3752 quoniam
682 3585 902 3729 praecipuae.
895 3601 1126 3762 εοωωϋουιὲ

111 3883 142 3962 ι)
163 3883 223 3964 cfr.
249 3886 346 3958 ena.
367 3889 424 3956 ru.
454 3891 504 3958 ra.
523 3893 642 3978 ,nrm
670 3893 702 3958 e.
716 3913 767 3964 u.
