2702 4792
229 208 279 274 ιο
450 173 773 258 ΟΕΟΟΝΟΜῙΛ
814 176 1061 260 NATURAE.

234 359 461 459 appositione
507 358 822 449 connexioneque.
889 360 987 436 Hinc
1030 374 1103 435 tam
1135 361 1286 440 infinito

232 458 387 555 lapidum
415 458 611 534 varietates
644 453 827 549 prostant,
864 479 968 548 quam
1000 458 1050 534 est
1082 462 1282 535 coalescen·

234 561 325 633 tium
348 554 600 649 particularum
631 552 820 645 multiplex
850 553 1059 646 diversitas,
1091 557 1187 632 unde
1215 577 1284 634 nec

234 673 309 734 tam
346 651 513 728 distinttae
544 651 677 742 species
710 650 946 726 obtinentin
974 653 1285 748 regnoLapideo,

234 776 276 830 tc
309 753 347 830 in
380 751 523 824 duobus
558 748 717 841 reliquit.
767 746 865 823 Hinc
905 754 1152 848 generationis
1184 755 1286 847 leges

235 855 272 932 in
298 850 371 928 hoc
398 869 511 942 regno
538 845 638 920 omni
663 866 747 919 aevo
773 845 905 921 habitae
931 847 1079 922 fuerunt
1103 851 1285 940 explicatu

235 955 345 1044 longe
383 945 615 1031 difficillimae3
662 943 747 1018 hinc
780 957 840 1016 tot
869 943 1081 1038 opinionum
1125 947 1286 1024 divortia

236 1049 337 1124 nullo
368 1065 444 1120 non
473 1055 641 1133 tempore
667 1025 974 1148 tariipnumera‚
1009 1059 1050 1116 ut
1086 1043 1128 1116 iis
1160 1064 1287 1118 recen·

235 1145 352 1222 sendit
384 1163 451 1214 nee
484 1140 560 1214 dies
582 1159 651 1212 nee
672 1138 799 1234 pagina
824 1138 1011 1216 sufficeret.
1059 1140 1143 1213 Nos
1165 1142 1287 1236 itaque

236 1246 274 1322 in
302 1238 464 1336 praestnti
502 1237 656 1330 negotio
683 1236 851 1308 contenti
885 1239 1039 1331 erimus,
1068 1237 1287 1336 pauciiiimat

236 1343 304 1425 hat
333 1337 376 1412 de
403 1359 443 1414 re
472 1334 745 1409 observationes
772 1332 924 1412 adferre.
1094 1359 1096 1366 ¹

309 1529 576 1608 ARGILLAM
598 1527 832 1601 sedimentum
862 1530 969 1604 maris
995 1529 1087 1621 effe,
1109 1527 1288 1601 evincunt

237 1633 451 1718 observata,
478 1647 586 1722 quare
611 1627 719 1718 etiam
740 1629 952 1722 plerumque
976 1629 1015 1704 in
1035 1629 1144 1702 litora
1159 1625 1290 1720 copio-

238 1734 274 1812 se
301 1727 469 1826 congesta
495 1724 684 1822 reperitur.
1279 1747 1281 1757 ¹

307 1920 528 1999 ARENAM
555 1918 823 2011 copiofiffimam
848 1919 881 1993 it
905 1917 1138 1996 tenuiiiimam
1161 1917 1198 1990 in
1215 1917 1291 2010 ple·

240 2023 360 2116 risque
384 2019 474 2092 locis
501 2033 627 2111 tegere
649 2017 798 2091 fundum
825 2018 953 2110 matis,
983 2017 1124 2092 constat
1141 2036 1186 2088 ex
1204 2034 1291 2087 nau·

241 2139 357 2196 tarum
383 2117 522 2206 diariis,
552 2135 622 2191 nee
657 2115 803 2190 dubium
833 2116 918 2211 quin
942 2137 988 2190 ex
1014 2137 1103 2210 aqut
1127 2110 1295 2208 quotidie

241 2214 503 2314 crystallisetur.

312 2407 580 2490 TESTACEA
603 2407 637 2480 &
658 2409 856 2503 Lithopbtta
884 2408 971 2485 viva
988 2405 1152 2496 animalia
1170 2401 1295 2494 fuisit,

242 2513 411 2589 omnibus
446 2485 632 2582 hodie-'in
672 2507 834 2580 confesso
869 2507 942 2599 est,
984 2525 1182 2598 eorumque
1217 2503 1293 2574 cal·

243 2633 355 2688 careae
380 2607 510 2682 indolis
540 2605 646 2677 testas
676 2605 898 2698 adjacentem
929 2601 1108 2702 argillam,
1146 2619 1296 2674 arenam

243 2711 304 2781 vei
335 2708 478 2780 humum
513 2703 549 2776 in
593 2701 817 2775 substantiam
860 2704 1052 2778 calcaream
1100 2702 1296 2774 immutate

242 2807 357 2880 visum
383 2803 433 2876 est
452 2799 506 2886 h).
564 2802 735 2875 Marmora
754 2801 839 2873 hinc
861 2823 881 2873 e
902 2800 1111 2893 petrificatis
1127 2793 1295 2894 generati

242 2903 341 3000 poffe
371 2903 516 2980 dubium
544 2920 618 2971 non
648 2896 822 2991 superest,
850 2921 957 2990 quare
978 2905 1087 2991 etjam
1111 2891 1298 2991 petrifica·

244 3003 291 3078 tis
318 3000 411 3078 haud
435 3020 516 3074 raro
545 2995 679 3071 referta
706 2995 985 3088 conspiciuntur.
1022 3017 1025 3026 ’

314 3194 466 3282 SAXA,
505 3191 644 3282 rupium
677 3188 875 3264 nostratum
909 3185 1188 3284 frequentiffima
1219 3205 1300 3261 mt-

243 3299 376 3382 aries,
406 3315 451 3366 ex
485 3295 602 3382 argilla
635 3313 788 3361 arenacea
809 3291 1016 3385 fiziulqfitque
1040 3289 1076 3361 S.
1098 3285 1148 3362 N.
1160 3305 1232 3379 49:
1256 3308 1296 3378 9.

243 3394 401 3469 conflata
428 3388 611 3471 videmus3
642 3387 677 3457 id
711 3407 801 3458 veto
835 3386 1058 3480 frequentius
1083 3383 1299 3480 contingit,

241 3494 306 3566 ubi
331 3506 426 3564 terra
451 3485 635 3579 particulis
665 3482 794 3566 ferreis
817 3484 1047 3581 imptaegnatt
1072 3480 1135 3559 est.

240 3950 243 3956 .
283 3889 639 3980 h)lt.Gotti.p.191.
683 3886 732 3951 17.
751 3883 886 3969 σθω.
