2702 4792
218 166 271 253 μ
452 141 767 226 oeconomis
806 149 1051 236 urruns.

224 319 441 416 opinionem
479 345 556 399 non
595 325 731 418 semper
758 330 872 424 jnstos
899 330 1060 424 posuerit
1091 327 1302 419 ttieuioe,

225 419 323 504 haud
345 421 451 495 aliter
476 421 527 496 est
550 423 841 521 intelligendum,
865 453 906 505 nc
930 450 1010 502 cum
1038 429 1127 500 varii
1156 441 1307 500 nauta

229 533 383 592 ventum
426 517 640 614 secundum,
680 525 828 615 quilibet
859 527 902 614 ed
933 525 1030 600 suurn
1064 523 1309 597 destinatum

228 631 398 714 portum,
438 617 648 714 expectent,
691 625 817 717 quibus
849 623 1018 712 omnbus
1051 622 1152 700 fimui
1179 619 1309 696 satis·

228 707 311 797 fieti
346 712 494 808 nequit·

668 917 704 1009 i·
746 913 840 1006 >ux-

307 1099 658 1181 CADAVERIBUS
689 1108 894 1206 foetidisque
926 1109 1138 1204 corporibus
1174 1121 1309 1190 totu!

233 1200 334 1284 orbis
362 1219 595 1292 oneraretur,
624 1205 688 1280 nifi
711 1209 867 1302 quedem
891 1209 1055 1284 animalia
1081 1215 1140 1287 ilie
1169 1212 1310 1304 etjam

235 1295 275 1382 in
302 1297 438 1376 deliciis
463 1298 649 1378 haberent.

305 1487 397 1564 Cum
431 1493 551 1587 itaque
583 1495 710 1572 enimsi
744 1494 886 1590 aliquod
919 1498 1119 1586 emoritur,
1144 1496 1310 1578 nullum

236 1588 392 1686 perdunt
429 1609 654 1667 momentum
703 1594 799 1688 Uest,
843 1598 953 1694 Lupi,
1004 1600 1142 1692 Vulpes,
1184 1598 1314 1674 Corvi

238 1685 308 1794 bec.
340 1703 529 1782 antequam
555 1693 725 1776 omnine
758 1693 878 1766 medio
904 1693 1078 1768 auferant.
1212 1771 1217 1778 ,

315 1885 351 1960 Si
382 1903 474 1958 vero
515 1905 547 1960 e.
580 1905 614 1982 g·
646 1883 767 1979 Equus
795 1887 896 1980 Juxta
927 1887 1005 1962 viss
1034 1886 1197 1981 publicas
1230 1893 1314 1964 oei

240 1984 401 2072 cumbit,
442 1982 501 2056 ubi
535 1981 639 2084 Fere,
665 1983 756 2056 haud
795 1985 965 2058 accedere
1004 1985 1159 2070 sudent,
1203 2007 1312 2064 eum

239 2081 320 2195 ppst
353 2084 489 2172 aliquot
518 2082 592 2154 dies
626 2082 824 2171 tumidum,
862 2097 1028 2176 ruptum,
1068 2082 1311 2174 tandemque

241 2179 438 2256 innumeris
475 2182 650 2276 muscarum
696 2187 900 2264 carnivorum
945 2181 1053 2252 larvis
1096 2179 1311 2270 impletum

244 2273 513 2372 deprehendes,
553 2298 571 2349 t
603 2277 729 2368 quibus
762 2291 865 2350 totus
898 2293 1054 2372 quantus
1087 2277 1163 2347 cito
1200 2298 1312 2353 con·

242 2375 391 2457 sumitur
422 2373 455 2445 bt
489 2389 723 2460 removetur,
765 2395 810 2446 ne
843 2373 903 2448 diu
936 2388 1122 2450 venenato
1151 2372 1311 2452 foetore

242 2469 542 2570 pretereuntibus
568 2469 765 2545 molestiam
790 2472 915 2565 pariat.

313 2662 463 2739 Piscium
504 2662 698 2755 cadevera,
742 2663 824 2738 dum
859 2665 903 2739 nd
935 2663 1044 2738 litora
1081 2664 1314 2757 propeiiun.

244 2773 335 2850 tur,
360 2763 472 2858 pisces
494 2783 665 2844 voraces,
693 2779 733 2835 ut
758 2765 869 2852 anoe,
890 2768 1020 2860 Squaii,
1044 2763 1206 2836 Mnraenae
1221 2764 1307 2842 dec.

245 2861 282 2936 se
322 2862 406 2934 illuc
445 2859 489 2932 ad
525 2861 700 2933 edendum
737 2853 955 2948 'conferunt3
995 2861 1162 2951 quoniam
1198 2883 1313 2936 vero

247 2957 364 3033 fluxus
399 2961 433 3032 dt
467 2959 623 3032 refluxus
661 2958 766 3029 maris
799 2961 876 3030 cito
909 2959 1035 3031 statum
1070 2970 1209 3044 mutat,
1264 2961 1314 3038 in

248 3055 370 3134 caveis
403 3055 481 3152 ipse
521 3055 609 3147 sepe
635 3055 843 3130 detinentur
876 3055 909 3128 u
940 3057 1058 3128 cibum
1091 3055 1175 3128 feris
1202 3079 1315 3147 pree·

247 3156 361 3242 beot,
386 3155 495 3229 litora
519 3154 791 3242 occupantibus.
840 3152 898 3225 Sic
927 3165 1023 3225 terra
1047 3173 1122 3226 non
1148 3169 1317 3234 tantum

248 3253 463 3325 cadaverum
499 3251 687 3346 putredine
721 3265 911 3344 purgatur,
947 3248 1005 3322 sed
1043 3251 1150 3323 variis
1181 3254 1317 3343 etjam

248 3349 459 3425 animalibus
510 3346 701 3422 necessarie
744 3347 830 3420 vitae
867 3347 1075 3423 sustentatio
1106 3369 1170 3440 per
1195 3369 1316 3424 oeco·

247 3449 406 3524 nonium
431 3445 581 3521 Nature
610 3459 832 3540 procuretur.
884 3449 890 3464 '

321 3640 399 3728 Pur
427 3640 561 3732 modo,
593 3637 691 3730 suurn
718 3638 925 3736 &eliorum
946 3637 1181 3732 commodum
1207 3649 1317 3735 pro-⁴

244 3753 401 3818 movent
428 3742 541 3834 muita
566 3736 710 3816 inseiis.
1203 3847 1314 3923 w·
