2602 4788
262 235 471 330 uorans
498 205 743 330 ‘cattum
963 253 1033 336 zo
1163 165 1170 190 ⁸

20 435 77 515 tr,
113 421 205 502 mina
245 427 393 539 iimqua
431 431 465 506 a
502 431 597 505 clara
623 371 1029 528 cerimoniamque

17 523 205 602 [elimentum
231 529 415 620 relinquit.
469 527 686 624 Littderfldp.

76 641 157 718 Boou
193 647 379 743 Ungaricrs
416 647 551 742 hyeme
585 645 724 742 semper
755 643 898 722 calculo
925 647 1028 724 labo·
1174 635 1177 644 ¹

19 753 98 830 rare,
114 745 244 818 rursm
274 765 390 836 vero,
421 747 505 820 dum
533 745 693 842 gramitm
719 744 934 834 vescuntur,
958 743 1027 822 sol·

23 833 70 930 vi,
94 837 214 914 rebatur
247 837 401 918 Krane.
428 848 540 920 medic.
568 845 664 936 taflr.
698 845 786 918 cbo.
811 861 847 942 p.
869 845 950 940 176.

68 973 130 1048 lili.
171 975 303 1054 Omnia
345 979 533 1066 mimalia,
582 999 659 1070 quae
705 976 894 1080 alimentia·
931 975 1025 1054 sallia

19 1063 212 1166 deiciantur,
236 1095 303 1171 per
331 1069 470 1152 urinam
501 1069 669 1153 SALEM
697 1073 876 1167 reddunt,
912 1073 1027 1154 idem·

17 1187 65 1260 que
86 1169 121 1242 bb
142 1193 199 1266 per
222 1169 526 1270 evaporationem
549 1171 672 1268 colligi
696 1169 829 1266 potest.

71 1293 245 1382 Sotiatict',
276 1295 312 1368 bt
334 1295 407 1384 iiii,
435 1295 493 1388 qui
518 1289 661 1370 massam
687 1289 914 1386 sanguineam
935 1293 1027 1372 mul·
1121 1379 1129 1400 .

17 1385 123 1462 unu
151 1389 340 1470 i'atiaratam
378 1391 537 1482 liabent,
583 1391 720 1464 urinam
753 1391 841 1462 dant
879 1389 1024 1486 salsam,

17 1483 155 1576 totino,
189 1488 346 1586 copioso
384 1511 466 1564 curn
502 1489 726 1576 sediment03
757 1487 887 1564 borum
923 1490 1027 1566 urina

21 1582 129 1658 muitum
146 1587 267 1662 crusta
302 1587 347 1662 ad
371 1589 485 1662 latera
506 1587 673 1678 matula,
706 1587 931 1682 multumque
951 1609 1026 1666 ma·

22 1680 92 1752 teria
118 1696 274 1760 tartarea
297 1685 342 1758 ad
367 1686 518 1760 fundum
542 1683 661 1780 ponit.

68 1807 145 1884 liill.
177 1805 501 1888 Taurasinus
537 1803 841 1886 PARTiCULAE
880 1811 1027 1890 difficile

17 1905 118 1994 qiidam
138 1911 300 1985 rasomm
324 1909 442 1984 oscula
463 1909 713 2004 pertranseunt
732 1909 854 1984 adsan
882 1911 1028 2008 ulnemt

17 2001 189 2110 subtillime
223 2029 317 2082 uero
351 2008 436 2102 quin
469 2007 629 2098 intrent,
670 2027 823 2100 cumque
853 1933 1026 2108 ianguioe

17 2101 292 2192 circumferantur,
318 2123 392 2180 non
419 2101 491 2194 est,
525 2105 570 2178 de
600 2121 672 2198 quo
701 2107 917 2182 hesitemus.
955 2108 1025 2184 Vir

17 2197 116 2286 quibam
143 2199 290 2278 illustria
321 2203 356 2278 in
381 2201 500 2278 Patria
524 2201 643 2280 nolira
671 2203 880 2298 perplures
906 2219 1024 2280 anooa

21 2297 90 2366 ttido
119 2301 308 2376 ventriculi
349 2301 565 2392 laborabat,
603 2299 660 2374 cui
701 2301 882 2376 medendo
923 2303 1025 2378 varia

20 2391 194 2472 absorbentia
243 2399 423 2494 ipsamque
467 2397 613 2472 Cretam
660 2391 875 2484 assumebat3
919 2400 1024 2476 urina

18 2491 100 2580 uisa,
128 2515 148 2568 a
176 2510 289 2570 creta.
310 2519 377 2593 per
410 2497 551 2571 acidum
590 2495 730 2584 soluta,
763 2493 880 2569 albida
914 2495 1024 2572 instar

18 2581 83 2662 labb
110 2598 285 2687 apparuit,
316 2594 468 2668 evidens
496 2609 596 2667 certe
624 2607 897 2688 argumentum,
924 2591 1024 2690 quoti

19 2685 154 2774 potioria
172 2706 348 2768 cretatae
363 2691 545 2768 transeant
563 2693 605 2764 ad
621 2689 762 2766 mail'am
777 2689 1022 2788 sanguineam,

19 2797 126 2878 umque
142 2809 182 2865 ea
206 2790 427 2866 circuientur
451 2789 625 2884 usquead
644 2787 798 2862 uesicam
817 2791 1023 2870 urinariam·

67 2913 142 2992 xiv.
171 2913 412 2996 MATERIA
434 2917 512 2996 haec
536 2919 673 3014 lapidea
692 2911 844 3016 (xlii),
873 2913 932 2998 seu
951 2933 1025 2998 ter·

21 3005 107 3090 niret
129 3019 334 3112 particulae,
370 3015 408 3092 in
445 3013 605 3092 omnium
642 3009 829 3092 hominum
860 3017 1026 3112 corpori·
1078 3094 1082 3102 ,

20 3105 63 3180 bur
83 3129 259 3210 generatur
286 3137 306 3192 a
334 3109 432 3212 tbyii
459 3107 548 3190 soce
567 3109 740 3212 (vl11.);
765 3107 884 3192 forsan
912 3119 1025 3212 etjam

21 3203 115 3302 ibeo,
143 3213 237 3309 quoti
275 3231 340 3310 per
367 3217 463 3288 vitea
492 3213 578 3286 uite
610 3209 775 3308 quotidie
808 3213 941 3288 teritur
977 3215 1024 3292 de

21 3319 130 3402 torpore
167 3311 328 3390 humano
367 3303 429 3404 '),
467 3311 635 3406 quodque
674 3317 778 3386 anino
809 3309 1024 3408 sedimentuaa

907 3413 1022 3510 vulgo

43 3571 67 3648 *i
83 3581 164 3646 Terra
190 3585 257 3648 baec
287 3583 446 3648 tenuisbma
469 3583 510 3644 esi
532 3579 611 3660 quali
633 3581 767 3642 ultimum
793 3575 919 3646 sollium
935 3577 1027 3646 noun

22 3665 1030 3822 ub·ntub'utatbtubbauuttubae

23 3821 119 3884 nbarit
137 3825 322 3892 iialaaoutlaa
347 3829 385 3890 da
409 3823 538 3892 Lithiass.
813 3777 826 3820 ⁹

50 3915 187 4006 imis,
537 3911 570 4000 L
