2702 4792
213 187 239 254 d
439 179 756 257 OECONOMIA'
788 180 1036 260 NATURAE.

210 355 487 431 fundamentum
505 407 508 412 ,
526 358 651 432 sternit
694 362 896 454 spingam,
932 363 1024 435 Flar.
1059 365 1154 436 Sues.
1178 366 1265 454 864.»¹

210 455 307 548 quod
339 457 513 549 temporis
538 455 693 532 succellu
714 458 838 532 tranfit
863 444 1070 534 istrunaum
1092 459 1264 552 porosrffi·

209 574 326 642 raam,
362 555 479 646 quoad
516 570 597 626 tota
630 554 707 628 fere
740 557 838 646 palus
876 557 1000 628 eadcrn
1036 557 1172 649 repleta
1205 556 1264 633 srt.

209 651 295 726 Hoc
320 651 414 724 fatto
443 655 596 740 Scupos,
624 654 799 747 cespircfus
829 653 967 728 radices
1004 653 1147 728 demum
1173 655 1265 747 agit,

57 767 59 774 ⁴
211 748 245 822 u
277 771 345 822 una
381 771 460 822 cunr
495 751 685 842 Ericplorir
722 750 835 823 turfas
878 773 926 823 eo
955 752 1070 825 modo
1102 752 1266 824 elevatas

208 846 419 932 constituit,
456 864 496 919 ut
533 847 670 919 radices
704 847 815 942 magis
853 848 1267 943 magisque-eleventur

209 943 244 1016 dt
286 941 419 1017 tirnrius
450 945 497 1016 sio
532 944 805 1018 fundamentum
848 967 916 1037 pro
956 945 1266 1022 aliisinasccndit

207 1040 341 1134 plantis
361 1043 533 1130 reddant,
559 1043 675 1133 quoad
707 1056 787 1114 tota
814 1044 912 1130 palus
938 1042 976 1116 in
998 1041 1265 1118 antoeniffitnum

207 1155 350 1230 pratum
380 1141 595 1214 immutetur
626 1134 688 1228 d);
722 1137 915 1232 presertim
947 1140 972 1215 st
1007 1161 1096 1236 aqua
1123 1142 1266 1218 exitum

208 1239 455 1329 patentiorem
489 1236 552 1312 irbi
579 1237 834 1314 elaboraverit.

285 1429 513 1522 TUBERA,
544 1431 580 1504 in
610 1431 787 1522 eiusmodi
821 1431 912 1505 locis
943 1429 1107 1524 depreffis
1136 1431 1266 1523 copio-

210 1529 352 1616 fiffinra,
391 1523 513 1602 eadem
548 1531 717 1616 elevant,
748 1529 854 1620 idque
881 1527 1064 1618 efficiunt,
1096 1540 1138 1602 ut
1166 1543 1267 1604 terra

211 1628 405 1723 quotannis
437 1628 514 1718 plus
546 1625 663 1718 justo,
703 1647 770 1698 nec
805 1627 877 1699 srne
903 1628 1119 1700 colonorum
1151 1625 1268 1698 taedt'o

211 1725 412 1799 accrescere
449 1724 635 1808 videatura
676 1725 733 1796 sed
762 1723 913 1796 euhoe
945 1736 1089 1810 tamen,
1121 1724 1158 1797 in
1189 1744 1268 1815 quo

211 1825 340 1898 summa
367 1835 501 1894 naturae
528 1821 694 1894 industria
720 1821 902 1893 observari
928 1835 1099 1896 meretur.
1150 1819 1267 1892 Narn-

212 1943 281 2012 que
313 1924 393 1990 dnm
426 1921 609 2010 replentur
639 1918 733 1991 hisce
763 1919 949 1992 tuberibus
978 1921 1058 1992 loca
1086 1917 1266 2010 deprclla,

213 2019 339 2094 annuis
374 2037 538 2108 aquarum
579 2016 721 2088 diluviis
761 2015 955 2104 inundata,
989 2015 1023 2089 in
1051 2017 1131 2090 laeta
1160 2031 1267 2106 prata

214 2114 398 2208 &pascua
433 2114 539 2186 citius
576 2125 765 2188 transeunt
801 2113 1006 2202 territoria,
1035 2115 1142 2206 paulo
1175 2128 1269 2186 ante

211 2213 416 2287 inioecunda
448 2211 482 2283 δι
509 2211 648 2283 sterilia.
710 2209 882 2284 Generari
918 2210 1093 2303 ejusmodi
1131 2212 1268 2284 tubera

213 2334 233 2386 a
260 2311 466 2397 Formicis,
491 2310 665 2400 lapidibus
691 2323 752 2380 aut
777 2307 954 2382 radicibus
981 2307 1158 2397 obtedlis,
1188 2309 1268 2382 ftu-

213 2409 369 2497 ticinus,
410 2406 720 2482 calcitrationibns
760 2426 954 2498 pecorum,
993 2405 1154 2494 constat3
1191 2407 1266 2498 pri-

212 2509 324 2582 maria
353 2519 476 2580 tamen
506 2503 620 2578 cautla
650 2525 669 2576 a
702 2503 847 2598 frigoris
875 2503 1037 2582 hiemalis
1065 2503 1101 2574 vi
1129 2502 1179 2578 est
1201 2503 1267 2580 de-

214 2604 375 2678 ducenda
401 2595 460 2690 e),
493 2623 570 2692 quae
601 2623 687 2672 vere
720 2601 770 2674 ita
798 2601 918 2678 elevat
939 2601 1097 2686 radices,
1122 2615 1162 2674 ut
1187 2601 1268 2678 adri

213 2701 383 2798 exposrtae
408 2698 632 2789 accrescant,
658 2712 830 2794 pereant,
858 2721 931 2792 quo
953 2698 1047 2774 faido
1072 2700 1272 2796 Polytrirde

213 2801 298 2874 loca
328 2819 442 2871 vacua
477 2798 655 2890 replent..

289 2989 529 3077 MONTES,
560 2990 731 3079 Tumnli,
770 2991 967 3064 eonvattes
994 2988 1027 3060 dr
1052 3007 1181 3062 omnes
1210 2987 1270 3062 irs

215 3091 434 3184 aequalitates
455 3107 596 3179 terra,
630 3089 717 3162 licet
754 3101 969 3162 ornamento
1004 3087 1142 3160 telluris
1172 3087 1271 3168 mul·

213 3207 291 3274 tum
319 3189 506 3260 detrahere
536 3188 716 3262 nonnullis
749 3185 829 3260 visae
855 3187 944 3272 fint,
970 3198 1110 3260 tantum
1138 3197 1272 3258 tameo

214 3287 311 3360 abest
344 3304 383 3356 ut
412 3287 447 3355 id
477 3284 653 3371 efficiant,
689 3285 773 3375 quin
803 3286 925 3376 potius
951 3281 984 3358 dt
1008 3281 1271 3372 jucundiorem
1336 3303 1337 3312 ¹

214 3382 410 3476 anspertum
446 3383 479 3453 dt
513 3383 665 3456 multum
697 3381 864 3454 utilitatis
892 3381 923 3449 ei
957 3379 1177 3464 concilient,
1216 3399 1272 3450 eo

213 3484 310 3574 quod
336 3481 418 3553 inde
443 3481 518 3571 ejus
540 3478 740 3572 superficies
769 3480 957 3552 latioribus
976 3491 1099 3569 pateat
1120 3475 1270 3568 spatiis:

213 3580 310 3672 quod
340 3579 469 3670 planto
502 3577 648 3652 diversae
672 3577 812 3655 felicius
850 3578 1009 3650 crescant
1042 3589 1148 3667 atque
1174 3571 1272 3743 fisci·

545 3685 550 3697 “
1210 3692 1273 3745 rus
1332 3713 1333 3719 κ

271 3875 307 3957 l)
326 3873 371 3940 ll.
390 3876 481 3962 Lapp.
494 3893 543 3948 ao.
706 3879 737 3956 e)
760 3883 800 3948 ll.
827 3878 923 3962 Μ·
940 3896 974 3968 R·
985 3827 1058 3972 “²249
