2602 4788
191 271 196 282 ·
264 191 333 314 'ui
584 222 763 304 nunni
785 179 998 306 sunnon:

261 411 393 497 strare,
429 406 545 482 ¹nostri
576 419 656 484 non'
688 410 800 504 magis
825 407 884 482 *est
910 409 1107 504 proponti,
1139 429 1230 505 quun
1252 411 1281 488 ut

264 501 571 594 determinemus,
598 529 757 599 quaenanr
791 510 886 580 ratio
914 509 981 595 srt,
1010 531 1074 583 cur
1102 511 1154 582 lac
1182 512 1280 606 venis,

262 612 363 704 juxta
413 606 625 680 methodum
668 605 881 693 infusionis,
934 608 1090 680 Medicis
1127 609 1207 681 olim
1236 608 1279 682 ui·

263 704 489 793 ratissimam,
534 717 745 798 receptum,
794 725 894 798 aeque
938 727 979 782 ao
1022 727 1217 797 venenum,
1247 705 1276 778 iu

264 806 422 878 terimur.
1093 831 1117 851 ’ν

334 1059 369 1129 5.
396 1032 522 1110 Genus
556 1032 794 1126 Serpentum,
829 1033 878 1108 ob
918 1049 1130 1110 urmaturam
1154 1033 1212 1110 srbi
1236 1033 1279 1106 do·

137 1172 142 1183 ·
265 1151 384 1214 natam
432 1133 784 1227 perniciosissimam,
840 1151 946 1206 terre
1003 1139 1061 1206 vel
1113 1131 1280 1206 beatissima

260 1225 433 1312 maximas
466 1228 555 1326 saepe
597 1228 713 1306 adfert
751 1225 1131 1306 CA'LAMITATES.
1181 1234 1281 1325 aurp

262 1331 456 1427 Viperarn:
501 1330 624 1422 Africo
648 1330 852 1421 aspidemr·
870 1331 952 1423 Aſsa
978 1331 1128 1422 Najarn:
1159 1329 1282 1404 Auen

263 1427 498 1505 Caudisonarn
540 1427 633 1501 suam
680 1429 755 1504 alit.
811 1427 954 1519 Europa
988 1432 1122 1502 ceteris
1156 1428 1281 1500 creditur

259 1527 427 1614 felicior,
455 1545 534 1598 cunr
569 1523 678 1597 hostis
707 1527 847 1613 minus,
875 1547 977 1617 quarn
1002 1529 1150 1618 reliqui,
1176 1525 1280 1618 pericu·

259 1625 357 1702 iosus
390 1625 484 1699 suam
518 1623 566 1695 ibi
599 1622 718 1694 fixerit
754 1622 891 1696 sedern:
934 1647 1013 1696 narn
1053 1625 1138 1696 iicet
1177 1621 1279 1694 ntursut

257 1719 355 1798 'iiiios
389 1721 525 1794 tristem
562 1721 740 1794 interdurn
774 1741 947 1796 eventurn
985 1724 1155 1809 inducat,
1177 1721 1279 1806 semper

247 1837 383 1896 tamen
420 1817 578 1914 funestus
620 1817 711 1891 adeo
756 1840 830 1891 non
870 1820 1173 1909 deprehenditur,
1221 1821 1279 1888 dun

262 1917 390 1993 contra
418 1915 565 2008 reliqui,
600 1910 674 1989 sine
705 1917 893 2008 repentina
920 1920 1006 1992 vitae
1028 1915 1185 2012 jadura,
1207 1919 1278 1990 inca·

257 2013 311 2096 las
346 2019 408 2090 vix
439 2021 594 2109 unquam
628 2016 895 2111 aggrediuntur.

330 2252 365 2325 6.
399 2241 620 2335 Caudisona,
667 2260 778 2324 terras
800 2245 1028 2326 'inhabitans
1069 2241 1279 2327 AMERiCh·

253 2343 382 2436 MS,
410 2345 506 2418 istius
532 2362 636 2418 terrae
665 2346 872 2422 hominibus
904 2343 1105 2422 offenditur
1131 2349 1279 2424 truculen-

258 2442 383 2518 tissima
445 2437 548 2514 Facit
576 2443 673 2530 haec,
707 2458 748 2516 ut
777 2466 822 2524 ex
848 2447 927 2519 viru
959 2447 1021 2520 suo
1051 2435 1280 2540 pcnetranrih·

260 2565 323 2617 tno
351 2540 476 2612 uitinru
502 2541 623 2632 saepius
653 2542 894 2632 experiantur.
948 2544 1044 2618 Hinc
1063 2545 1202 2618 soiiiciri
1218 2539 1280 2615 sen·

252 2637 458 2736 per-fuere
492 2636 626 2712 Incoiae
660 2638 704 2708 de
736 2656 840 2712 terto
866 2643 959 2736 iilius
990 2643 1209 2718 inveniendo
1230 2639 1283 2710 An·

251 2737 409 2823 ,tid0r03
450 2734 646 2828 persuasum
678 2737 741 2810 srbi
774 2733 970 2827 habentes,
1012 2735 1219 2813 Creatorem
1248 2735 1282 2804 itt

259 2829 460 2928 disposuisse
489 2831 808 2927 Sapientisiirnurn,
840 2849 903 2926 ut,
932 2837 996 2909 ubi.
1017 2861 1174 2912 venenum
1207 2832 1282 2908 dish·

251 2931 445 3028 ruinarum·
472 2929 542 3019 sit,
588 2932 637 3002 ibi
678 2935 785 3025 etjam
827 2936 982 3026 reponte
1024 2937 1102 3022 eius
1139 2939 1283 3010 habeatur

262 3027 444 3106 Medicina.
470 3077 472 3080 -
498 3027 583 3100 Nec
615 3028 715 3101 saiso.
771 3031 890 3106 Rudes
919 3034 1014 3108 enim
1052 3035 1086 3106 dc
1122 3029 1282 3129 sylvestres

251 3119 497 3217 Pensyivani,
535 3121 572 3197 in
601 3126 720 3198 radice
744 3121 858 3218 penes'
880 3127 914 3201 sc
938 3134 1148 3218 crescente,
1174 3131 1283 3204 donum

259 3224 439 3315 ejusmodi
475 3223 705 3297 reconditum
742 3225 811 3298 esse
848 3224 1009 3302 divinurn
1048 3211 1121 3303 mi
1154 3221 1283 3302 animad-

252 3329 432 3406 hrertere3
464 3341 565 3412 quarn
592 3323 699 3414 etjam
730 3325 847 3398 arcani
876 3325 1004 3414 instar,
1031 3329 1133 3401 nullo
1161 3321 1283 3419 praeuio

260 3415 470 3492 Christianis
510 3416 710 3513 virginiam
746 3421 1052 3511 inhabitantibus,
1090 3419 1283 3521 detegendi,

259 3514 325 3589 fibi
352 3514 598 3598 reservarunt;
637 3517 755 3591 donec
788 3517 860 3596 Du.
897 3521 1090 3595 Tenneun’us
1116 3521 1285 3620 (prenior

258 3627 303 3712 ut
332 3613 469 3702 fertur,
501 3633 522 3700 a
552 3609 715 3706 supremo
747 3615 880 3690 Senatu
908 3617 1112 3712 Angiicano
1136 3605 1294 3697 definito)

258 3705 491 3806 etenebris',
530 3709 567 3783 in
605 3728 665 3784 tot
714 3713 899 3789 hominum
944 3714 1114 3807 salutern,
1160 3715 1287 3788 eunden

246 3807 451 3922 2protraxit.
512 3807 627 3903 iiic,
655 3809 843 3890 Medicina
878 3815 1042 3912 potitur,
1070 3836 1149 3891 noo
1177 3809 1289 3886 drudo

320 3930 323 3938 ·
1166 3921 1288 4008 tuguri·
