2702 4792
247 259 293 346 ³2
468 225 803 308 oeconoma·
831 187 1078 343 nuruum

246 425 385 492 natura
426 421 596 505 tanquam
633 411 796 506 prouida
825 413 930 485 matri
963 415 1022 494 illa
1053 412 1198 488 tradunt
1236 437 1291 490 cu·

213 513 369 588 'randn
424 509 683 584 Crocodilus&
723 509 906 598 Testudinco
950 519 1082 586 morino
1120 534 1165 586 ex
1199 513 1292 605 aquis

247 610 291 685 ad
319 610 429 680 litora
453 606 645 682 ascendere
675 623 879 701 coguntur,
914 624 958 683 ut
993 611 1053 687 sub
1087 631 1192 684 arena
1224 632 1292 685 ova

245 706 431 795 condant,
458 706 580 780 calore
609 703 692 780 solis
719 702 949 782 vivificanda.
1021 743 1030 750 -
1339 715 1340 718 ‘

246 921 258 962 'e
324 896 546 976 INSECTA
570 902 738 996 pleraque
760 921 833 975 nec
867 915 1010 978 uterum
1038 903 1203 999 gestant,
1230 922 1295 978 net

244 1000 539 1089 avunculum,
571 999 805 1074 nihilominus
838 1021 966 1074 eorum
1001 1001 1155 1089 familia,
1179 1001 1293 1074 omni·

243 1119 327 1189 um,
354 1119 430 1190 que
454 1111 673 1185 moventur,
700 1096 977 1172 numerostssima
1007 1097 1077 1190 est,
1108 1101 1201 1174 adeo
1232 1113 1292 1187 ut,

243 1197 269 1272 ii
297 1212 398 1270 tanta
425 1195 672 1290 magnitudine
698 1195 1132 1292 corporumgauderent,
1164 1209 1294 1288 quanta

242 1291 401 1390 ipsorum
426 1291 545 1366 existit
572 1293 699 1384 copia,
726 1294 790 1366 vix
815 1293 892 1366 aliis
917 1294 1143 1384 animalium,
1174 1297 1294 1370 locum

242 1391 418 1486 quendam
454 1389 712 1484 relinquerent.
780 1390 978 1464 Videamus
1022 1393 1154 1486 igitur,
1192 1411 1294 1484 quam

242 1487 396 1588 provide
428 1501 509 1582 agat
540 1488 700 1588 optimus
735 1509 852 1566 retum
881 1487 1064 1572 Conditor
1093 1492 1128 1565 in
1167 1492 1293 1566 horum

243 1585 540 1670 animalculorum
567 1586 832 1682 propagatione
855 1584 1111 1662 conservanda.
1161 1587 1216 1660 Ex
1237 1607 1293 1660 aa·

242 1683 349 1759 turali
384 1680 548 1758 instinilu
584 1697 852 1779 congregantur
889 1683 924 1758 dt
957 1687 1176 1779 copulantur
1214 1706 1293 1764 cum

239 1781 399 1857 maribus
427 1780 591 1870 femina,
618 1804 695 1873 qua
724 1779 847 1874 postea
878 1804 952 1854 ova
986 1783 1201 1875 deponunt3
1239 1779 1300 1853 sed
1339 1867 1340 1872 Ν

240 1887 320 1955 non
339 1876 562 1972 promiscue-
586 1879 623 1952 in
651 1878 751 1952 omni
786 1882 894 1965 loco;
919 1881 1052 1975 fingula
1083 1882 1181 1955 enim
1213 1877 1295 1953 talia

239 1976 305 2052 fibi
334 1975 414 2070 ipiis
446 1990 584 2050 norunt
622 1978 703 2049 loca
733 1977 885 2072 eligere,
928 1999 1003 2068 quae
1034 1980 1139 2070 pullis
1160 1993 1294 2051 'recent

238 2073 411 2164 excludo,
436 2073 474 2149 in
505 2074 639 2148 tenella
667 2083 776 2148 aetate
803 2071 964 2164 uilium,¹
983 2075 1119 2169 aliaque
1145 2077 1295 2168 impleu-

240 2171 296 2248 dis
321 2185 458 2247 natura
488 2171 668 2246 desideriis
697 2171 911 2262 uccellano,
936 2172 1064 2266 sponte
1090 2173 1149 2246 sua
1172 2175 1293 2266 suppe-

239 2267 380 2359 ditant,
407 2265 598 2362 praesertim
623 2291 704 2344 cum
728 2287 868 2360 mater,
894 2273 1033 2364 prolem
1065 2273 1194 2361 enixa,
1223 2271 1294 2368 ple·¹

237 2369 388 2462 rumque
418 2366 523 2440 brevi
553 2368 752 2456 moriatur,
785 2388 853 2444 nec
884 2369 972 2443 viva
1000 2370 1182 2464 pullorum
1216 2369 1292 2444 suo·

237 2470 317 2542 rum
343 2485 464 2539 curam
494 2485 619 2562 gerere
651 2463 768 2561 poffit.

240 2729 246 2747 ι
311 2661 520 2756 Papilionrs,
565 2663 748 2750 Piolaena,
790 2664 1016 2760 Chrononum,
1064 2664 1294 2754 Curationes,

238 2761 396 2848 ciruitu,
430 2763 575 2848 Cicada,
602 2765 696 2836 Cotti
704 2813 718 2846 ‚
741 2760 911 2856 Aphidas,
942 2764 1087 2834 coermes
1110 2763 1184 2850 &a
1220 2783 1295 2836 ova

235 2857 297 2934 sua
323 2857 359 2930 in
385 2858 585 2950 plantarum
609 2858 707 2933 foliis
734 2859 945 2949 collocant,
972 2858 1006 2930 u
1032 2859 1175 2948 quidem
1204 2883 1294 2952 qua·

234 2955 293 3030 vis
326 2954 459 3028 familia
488 2955 580 3030 suam
614 2959 744 3050 planta
777 2954 928 3049 speciem
953 2955 1053 3049 eligit
1075 2951 1137 3046 h):
1177 2959 1296 3032 immo

130 3122 136 3136 .
235 3052 335 3130 nulla
358 3052 436 3125 fere
463 3053 585 3148 planta
611 3051 683 3144 est,
708 3075 784 3143 quae
806 3075 880 3128 non
906 3054 1086 3154 proprium
1118 3054 1298 3130 lnsedlum

237 3153 324 3238 alita
352 3150 490 3244 &quid
513 3149 654 3246 magis?
685 3149 761 3224 fere
789 3153 886 3226 nulla
911 3172 1031 3224 earum
1059 3174 1137 3242 pars
1170 3175 1190 3225 a
1220 3175 1297 3226 cer·

236 3249 286 3324 tia
307 3269 383 3324 non
413 3247 559 3344 eligitur
584 3247 748 3337 Inscius,
775 3250 867 3322 adeo
899 3262 941 3322 ut
971 3249 1036 3320 alia
1063 3250 1198 3339 flores,
1231 3254 1299 3326 alia

236 3361 429 3437 truncum,
455 3347 522 3419 alia
549 3347 710 3434 radices,
743 3347 809 3420 alia
840 3345 928 3420 folia
961 3347 1119 3438 ejusdem
1159 3353 1297 3438 planta

238 3457 434 3534 occupent.
483 3443 569 3533 Ast,
600 3441 791 3537 prasertim
826 3444 1068 3518 admirabundi
1106 3446 1297 3540 videmus,

237 3540 426 3638 quomodo
453 3542 619 3615 arborum
648 3539 683 3614 ἄ
708 3543 908 3634 plantarum
935 3543 1150 3636 quarundam
1179 3546 1297 3638 folia,

236 3637 318 3736 post
343 3637 493 3713 immillo
521 3639 559 3711 in
587 3638 656 3713 illia
682 3659 756 3712 ova
788 3639 826 3715 in
864 3639 985 3713 Gallae
1017 3640 1228 3715 excrescant
1264 3646 1300 3718 dt

239 3765 243 3770 ·
1173 3745 1301 3818 veluti

276 3944 862 4036 lliyll.liael.&harr·8rrr.··
930 3979 936 3988 ·
1016 3977 1053 3988 -·
1134 3979 1168 3992 ..
