2702 4792
208 236 244 310 s
380 303 385 311 ,
430 205 764 305 soncouorurn
803 227 1047 305 NATURAE.
1094 279 1100 298 s
1190 255 1194 264 ·

218 397 340 498 'eaque'
375 409 519 482 ratione
555 411 647 502 quasi
678 409 821 503 sopita,
862 410 1037 482 alimento
1071 408 1274 497 plantatum

209 501 540 579 accommodatior
567 508 710 580 evadit:
744 509 857 580 irnrno
885 509 970 580 nive
996 506 1125 578 semina
1155 505 1188 576 &
1216 525 1272 575 ra·

227 601 324 674 dites
346 606 558 694 :plantarunt
595 607 738 700 obtegit
777 605 809 676 ἃ
842 605 887 676 src
915 604 1093 699 frigores
1124 602 1274 695 frigoris

225 698 264 770 vi
295 700 468 776 defendit.
511 703 651 789 Mitto,
677 703 772 793 quod
792 702 902 796 frigus
928 708 1105 792 ternp‘etet
1129 719 1273 791 putam·

226 818 294 886 quc
316 799 453 886 ¹efficiat
488 800 755 890 atnrosphaeram
790 800 822 873 ἃ
859 821 980 891 aquam
1006 797 1203 892 putridam,
1230 807 1276 868 ut

226 893 436 972 animalibus
464 900 574 994 tnagis
601 899 760 972 salutaris
783 896 964 974 reddatur.
1033 925 1035 928 ·

235 1084 237 1090 ¹
300 1053 514 1130 CALORIS
546 1061 759 1155 frigorisque
792 1073 965 1152 perpetua
998 1059 1089 1152 apud
1116 1057 1191 1130 'nos
1214 1057 1275 1129 vi-

226 1148 388 1225 ciffitudo
424 1159 601 1250 gratiores
632 1158 770 1230 aestates
800 1155 1055 1232 subministrat:
1087 1157 1120 1230 &
1150 1177 1275 1247 quarn-

224 1252 283 1322 vis
317 1251 431 1329 hierns
465 1255 579 1326 varias
613 1258 752 1348 quidem
783 1278 804 1328 e
837 1255 964 1328 nostris
999 1254 1104 1326 terris
1130 1256 1274 1341 plantas

225 1349 395 1432 variaque
421 1353 583 1424 animalia
609 1355 737 1446 pellat,
766 1372 885 1425 tarnen
905 1350 1197 1444 perpetua·aestas
1218 1352 1276 1423 in-

214 1460 285 1541 ter
314 1445 519 1540 Tropicos,
547 1473 620 1523 non
643 1453 758 1522 rnulto
786 1451 921 1545 gratior
946 1449 1017 1536 est,
1044 1451 1172 1542 quippe
1193 1471 1275 1538 quae

224 1543 339 1617 nimio
373 1545 453 1616 estu
488 1548 653 1620 homines
688 1547 911 1620 &animalia
940 1548 1028 1637 saepe
1054 1546 1274 1638 prosternit,

225 1641 315 1712 licet
343 1641 513 1716 fruslibus
540 1645 832 1718 desideratiffirnis
867 1645 936 1716 istae
965 1644 1130 1736 regiones
1161 1645 1277 1716 abun·

227 1737 328 1810 dent.
373 1739 511 1812 Nostrae
529 1743 668 1832 quidem
689 1743 839 1829 hiemes,
858 1742 1084 1833 quantumvis
1106 1761 1275 1834 magnam

228 1835 327 1906 orbis
353 1853 488 1929 partem
518 1839 731 1930 implacabili
756 1843 876 1934 rigore
904 1853 1058 1926 vexent,
1082 1839 1198 1910 minus
1217 1855 1277 1912 ta·

226 1951 310 2006 men
340 1935 535 2009 borealium
569 1938 701 2010 accolis
728 1941 813 2028 ipsas
842 1959 995 2025 nocere,
1029 1937 1189 2028 loquitur
1210 1955 1277 2008 ero·

225 2031 415 2123 perientia.
467 2034 563 2107 Hinc
587 2057 650 2126 per
677 2051 796 2108 toturn
821 2038 945 2124 orbern
973 2034 1053 2106 sutis
1075 2035 1279 2106 commode

227 2128 389 2218 vivitur,
426 2153 530 2220 quarn
555 2133 650 2204 varia
678 2135 784 2211 tellus
810 2133 911 2206 vario
934 2147 1068 2206 natura
1088 2129 1276 2206 beneficio

227 2226 503 2320 quaquaversum
527 2230 743 2323 perfruatur.

298 2395 567 2482 TEMPORA‚
605 2396 693 2470 ficut
721 2397 842 2468 omnia
875 2396 941 2469 suis
977 2394 1278 2480 vicissrtudinibus

229 2497 389 2572 obnoxia
417 2493 516 2582 sunt,
548 2495 604 2566 sua
633 2493 766 2584 habent
798 2494 921 2581 initia,
952 2495 1089 2570 faciunt
1111 2500 1280 2594 progres-

227 2596 345 2672 fiones
374 2591 407 2664 ἃ
435 2605 618 2668 extremos
643 2593 826 2688 attingunt
854 2591 958 2666 lines.

301 2755 448 2832 AETAS
488 2753 635 2830 liminis
657 2755 699 2827 ab
737 2756 818 2848 ipfis
856 2757 980 2848 incipit
1024 2758 1281 2850 incunabulis3

231 2871 329 2956 grata
356 2853 575 2944 subsequitur
597 2861 756 2948 puerilia,
781 2853 956 2928 fervidam
978 2860 1180 2951 jrtvcntulem
1207 2880 1275 2930 eir·

230 2955 319 3048 cipit
346 2958 487 3026 virilitas
517 2948 637 3036 firma,
671 2951 815 3036 severa,
843 2951 978 3043 suaque
1002 2954 1285 3030 conservationi

229 3055 392 3136 intenta,
421 3069 533 3137 usque
562 3048 642 3119 durn
660 3049 804 3140 sentitur
835 3049 1022 3140 debilitet,
1050 3053 1281 3130 &nutantia

228 3171 381 3242 corpora
406 3146 550 3240 penitus
571 3143 738 3223 dostruat.

301 3310 433 3384 ANNI
466 3325 585 3402 partes
620 3310 766 3384 eandem
804 3309 941 3387 scenam
979 3311 1119 3388 ludunt.
1189 3321 1283 3409 Ver,

228 3409 422 3486 ludibunda
451 3411 508 3479 illa
534 3409 693 3482 onmium
720 3411 922 3482 uiuentium
953 3410 1124 3501 infantia,
1154 3421 1284 3507 pueri·

229 3507 316 3579 tiam
355 3507 388 3578 δι
420 3508 651 3597 juventutem
692 3506 940 3594 repraesentatq
992 3509 1157 3601 Namque
1200 3514 1284 3590 hoc

227 3617 395 3693 ternpore
429 3605 557 3694 planta
597 3600 664 3674 suis
700 3604 848 3674 floribus
890 3604 1116 3694 superbiunt,
1160 3611 1284 3700 pisces

229 3701 428 3788 exsultant,
473 3721 560 3771 aves
596 3701 803 3786 cantillam,
841 3702 1004 3791 pleraque
1033 3724 1169 3777 venere
1199 3723 1282 3781 tur·-

215 3790 386 3898 gestum.
432 3797 567 3890 AEslas,
602 3797 855 3872 mediaetati
889 3799 1031 3890 similis,
1064 3803 1202 3898 plantas
1240 3807 1285 3882 Gt

1186 3925 1284 3980 vrtt-
