2702 4792
252 261 305 352 ῃ
436 185 798 354 ‚oecononum
839 237 1092 324 nuruum·

253 425 435 508 claudens.
500 427 617 520 HuJ'us
650 426 746 500 enirn
775 445 868 519 ope,
902 427 1069 502 homines
1098 447 1119 498 a
1149 427 1296 494 venenr²

251 527 384 602 tiffimo
418 524 521 600 hoste
552 525 613 598 srbi
646 523 736 618 saepe
772 545 903 597 cavere
938 525 1106 619 poliunt,
1142 522 1222 594 dum
1246 518 1296 590 so·

251 649 338 703 rrum
374 626 449 715 eius
486 623 693 699 tintinabuli
726 622 912 695 audientes
946 623 1114 716 fugiunt,
1150 614 1296 710 quodsi

251 745 329 801 rron
373 720 501 811 lieret,
544 723 658 793 homo
696 719 766 794 illu
811 721 888 812 elus
928 721 1087 814 petitos,
1117 718 1211 790 intra
1242 711 1297 784 ser

250 823 422 898 horarum
456 819 604 912 spatium
640 819 701 889 vel
733 815 822 911 saepe
852 819 948 892 intra
978 816 1211 898 semihoram,
1243 825 1297 880 to·

251 935 330 994 turrr
367 939 499 1011 corpus
541 916 733 1011 putredine
769 931 981 1009 corruptum
1018 915 1145 988 refert·
1201 908 1298 981 Plura

251 1016 432 1110 ejusmodi
474 1015 637 1104 adlerre,
682 1034 759 1088 non
793 1013 975 1108 permittit
1013 1011 1197 1109 angustum
1231 1005 1298 1078 hoc

251 1118 386 1190 ebartae
410 1114 572 1205 spatium.
624 1113 858 1208 Quicunque
883 1114 943 1184 vel
978 1112 1138 1208 fugitivo
1170 1105 1297 1190 oculo,

251 1211 458 1287 admiranda
494 1210 680 1283 Creatoris
724 1231 836 1304 opera
870 1210 1015 1283 lustrare
1049 1211 1162 1294 velit,
1200 1200 1296 1277 facile

249 1311 466 1408 perspiciet,
492 1331 595 1401 quam
628 1306 765 1402 sapiens
800 1308 844 1381 fit
878 1311 1040 1382 omnium
1067 1327 1184 1379 rerum
1208 1295 1296 1406 insti*

250 1411 377 1496 tutio,
407 1407 522 1497 ordo,
555 1409 589 1478 dr
620 1405 712 1497 jnsta
751 1419 889 1485 nature
931 1427 1015 1487 cum
1054 1404 1187 1480 mribus
1214 1397 1295 1479 diui

250 1510 308 1584 nis
335 1505 611 1588 convenientia,

684 1724 718 1813 e.
757 1717 867 1793 rrvr.

325 1914 443 1990 Porro
473 1935 550 1990 non
584 1917 659 1992 fine
691 1915 824 1991 summa
856 1914 1097 1988 admiratione
1131 1902 1293 2002 consputa

249 2034 351 2102 mus,
396 2037 501 2106 quarn
530 2015 684 2108 provide
720 2016 828 2108 etjam
867 2013 984 2108 egerit
1012 2029 1150 2086 naturae
1182 2003 1295 2100 opifer

248 2111 345 2185 circa
367 2111 511 2186 illorum
540 2113 744 2187 animalium
776 2111 1118 2200 conservationem,
1145 2129 1219 2203 quae
1239 2098 1294 2210 sub
1331 2129 1332 2138 ¹

248 2226 356 2284 certo
386 2210 468 2284 anni
499 2225 669 2303 tempore
706 2209 929 2302 tempestatis
960 2209 1164 2296 violentia,
1191 2206 1232 2274 ab
1253 2198 1292 2267 ils

249 2307 512 2394 excluduntur,
539 2331 615 2401 quae
640 2310 683 2381 ad
712 2311 799 2381 virae
826 2308 892 2380 suae
915 2306 1211 2381 sustentationem
1238 2317 1293 2369 ne·

247 2403 393 2478 cellaria
448 2405 539 2482 sunt.
621 2406 681 2480 Sic
734 2409 837 2504 Ursus
883 2419 1057 2479 autumno
1105 2394 1293 2498 ingreditur

246 2502 415 2579 Muscum
449 2503 660 2594 colleiium,
688 2504 808 2596 ibique
840 2518 923 2576 tota
956 2503 1077 2577 hieme
1101 2491 1291 2581 delitescit,

246 2622 325 2676 norr
350 2601 422 2674 alio
449 2602 616 2676 victitans
646 2604 730 2676 cibo
756 2624 858 2695 quam
888 2602 1129 2694 pinguedine,
1153 2601 1293 2672 durante

248 2697 389 2786 aestate,
415 2699 452 2772 in
485 2702 690 2776 membrana
717 2702 791 2792 ejus
821 2700 989 2773 celiulosa
1010 2699 1185 2786 conella,
1211 2707 1293 2783 φᾶ·

247 2817 315 2888 que
342 2797 403 2869 sub
432 2797 504 2870 boc
534 2797 610 2888 ejus
636 2799 798 2892 jejunio,
834 2798 962 2890 procui
991 2796 1102 2870 dubio
1129 2816 1194 2889 per
1221 2783 1292 2857 vasi

246 2895 345 2985 ejus,
374 2893 585 2968 nutrimenti
610 2897 720 2987 loco,
746 2897 960 2983 circulatur;
997 2895 1054 2967 cui
1077 2894 1177 2966 sorte
1200 2901 1292 2961 acce·

245 2993 301 3065 dit
329 2992 390 3064 ille
414 2992 555 3087 pinguis
580 2995 725 3085 succus,
756 3016 861 3088 quern
882 3015 926 3068 ex
945 2992 1120 3092 glandulis
1147 2994 1183 3064 in
1204 2984 1294 3082 plan·

237 3089 294 3165 cis
321 3089 452 3186 pedum
483 3089 633 3188 exsugit.
763 3129 765 3134 ,
1091 3114 1102 3143 ·

321 3251 526 3335 Eridanus,
555 3252 681 3338 Meles,
716 3253 835 3344 Tullia,
869 3249 1000 3324 eodem
1037 3248 1151 3323 modo
1185 3243 1293 3318 biber·

244 3349 372 3427 nacula
407 3347 671 3442 vegetabilibus
711 3351 850 3442 replere
890 3347 1150 3440 consuescunt,
1181 3343 1215 3416 dr
1241 3337 1292 3412 se·

243 3449 373 3522 vieote
402 3448 506 3539 gelu,
533 3445 780 3521 obdormiunt.

329 3602 510 3697 Vespertlliu
537 3622 602 3692 per
625 3601 803 3698 integram
830 3601 984 3678 hiemem
1007 3600 1123 3698 gelida
1148 3601 1182 3674 dr
1204 3615 1294 3672 mor·

245 3711 308 3770 tua
333 3699 425 3790 quali
449 3698 680 3793 conspicitur.
733 3700 910 3795 Ampulla
929 3703 1098 3794 pleraque
1120 3713 1222 3774 antra
1238 3703 1293 3767 aut

243 3799 385 3872 lacuum
416 3810 523 3892 atque
550 3797 718 3894 paludum
741 3797 893 3875 fundum
918 3813 1116 3896 occupant.

1170 3936 1294 4018 Hiram
