2602 4788
188 100 281 225 '152
532 133 691 212 naum
731 135 972 216 sunnon·

239 397 243 408 ‚
309 336 398 389 vera
426 314 585 414 Senega,
627 317 859 391 excretiones
894 315 1019 411 pellit,
1062 316 1125 390 sed
1169 319 1282 394 etiam

198 421 200 430 ’
309 414 498 506 quidquam
544 416 654 488 fovet
693 414 886 512 -anodyni,
917 413 1026 509 {quod
1057 414 1138 510 ipse
1190 417 1282 491 odor

309 513 503 586 evidenter
525 512 607 588 satis
637 511 819 616 indigitat,

213 749 274 818 44.
301 725 677 802 DULCAMARA:
714 723 853 818 stipites
884 726 920 799 in
953 724 1068 800 infuso
1094 739 1277 820 potenter

144 900 146 908 s
310 824 402 897 adeo
443 839 571 897 omnes
602 838 828 917 promovent
859 825 1115 898 excretio-nes:
1166 828 1280 899 veluti

250 917 257 930 '
310 925 431 996 alvum
453 923 770 1092 laxaress'udores
792 922 949 1011 elicere,
970 922 1138 1014 menses,
1162 926 1281 1000 lochia

311 1019 346 1099 δι
380 1021 559 1112 praecipue
590 1043 604 1094 t
635 1021 729 1094 inam
765 1021 921 1113 pellere,
965 1035 1006 1092 ut
1038 1019 1092 1094 his
1125 1022 1281 1098 dotibus

309 1119 354 1192 ad
381 1118 590 1212 Polygalam
622 1119 715 1192 hanc
745 1117 894 1208 propius
921 1117 1094 1191 accedere
1134 1121 1280 1212 prorsus

309 1215 500 1303 videatur3
525 1217 638 1289 immo
669 1215 777 1289 etiam
810 1216 1023 1290 Valeriana.
1080 1215 1191 1293 Cum
1215 1223 1283 1310 jam

311 1315 437 1389 omnia
473 1313 656 1388 Antidota
693 1313 976 1403 excellentiora,
1027 1331 1174 1389 contra
1211 1318 1282 1390 Ser·

310 1428 462 1508 pentum
506 1410 623 1498 ltlus,
675 1412 745 1486 sint
784 1411 958 1502 pellentia
997 1411 1030 1484 da
1071 1413 1282 1506 diuretica,

311 1530 484 1604 perquam
515 1507 741 1603 gratiffimum
773 1508 881 1580 nobis
914 1509 1025 1598 ellet,
1059 1509 1083 1585 li
1121 1515 1283 1606 experiri

313 1609 424 1681 etiam
453 1608 594 1679 vellent
615 1606 754 1679 Medici
778 1605 912 1695 nostri,
942 1609 1058 1698 quali,
1094 1609 1134 1682 dt
1163 1613 1206 1686 in
1227 1633 1283 1686 ex·

311 1704 526 1799 stinguendo
563 1704 762 1780 nostrarum
794 1704 999 1797 viperarum
1028 1729 1218 1801 venene,
1252 1711 1282 1782 dc

313 1804 372 1978 ir}fi
378 1803 538 1878 febribus
564 1801 852 1880 inflammatoriis
875 1802 1056 1898 curandis,
1085 1807 1174 1884 haec
1200 1807 1282 1884 eliet

314 1923 335 1976 c
375 1921 483 1976 caera.

438 2167 441 2176 v
509 2133 589 2238 x1.
626 2073 983 2284 ,trinoctia

220 2396 279 2470 45.
369 2379 509 2449 reviter
541 2377 589 2452 fic
621 2376 676 2466 tr,
713 2389 754 2449 ut
788 2375 943 2468 opinor,
978 2373 1171 2469 perspicue
1202 2376 1285 2453 t'atis

411 2475 593 2550 historiam
633 2471 713 2545 dedi
751 2472 879 2568 speciei
920 2473 1024 2566 hujus
1072 2473 1283 2571 Polygalae,

317 2573 403 2646 alias
452 2572 551 2646 dida
592 2570 751 2666 Senegae.
818 2571 971 2644 Primam
1004 2572 1138 2664 plantae
1180 2577 1286 2666 hujus

318 2670 594 2764 cognitionem,
627 2670 680 2741 uti
715 2684 822 2742 antea
850 2668 1025 2757 diximus,
1055 2667 1154 2762 juste
1185 2672 1285 2745 defe-

317 2768 431 2842 rimus
457 2767 512 2841 Cl.
539 2769 741 2862 Anglorum
766 2767 913 2842 Medico
948 2765 1069 2858 saepius
1097 2789 1286 2844 memora·

319 2880 378 2957 to,
402 2866 475 2941 Dn.
499 2867 583 2962 Joh.
610 2863 847 2945 Tennentio,
877 2865 934 2955 qui
959 2866 995 2936 in
1021 2864 1181 2939 tradatu
1208 2868 1285 2958 suo,

319 2966 394 3040 hoc
431 2965 602 3057 inscripto
637 2963 768 3035 titulo:
811 2959 929 3058 Effoys
963 2987 1003 3034 on
1041 2969 1091 3036 the
1119 2969 1286 3063 pleuresi,

323 3067 523 3158 Philadelpl.
554 3086 607 3134 on.
639 3066 742 3154 1736.
782 3069 816 3133 in
839 3071 915 3142 8vo.
942 3059 1064 3148 edito,
1100 3065 1285 3156 eandem,

320 3185 401 3238 cum
450 3163 647 3235 multorum
690 3158 946 3253 aegrotantium
990 3160 1130 3254 ingenti
1179 3183 1289 3238 com·

319 3262 463 3368 modo,
502 3260 646 3332 erudito
693 3258 772 3328 orbi
810 3259 936 3329 lubens
974 3258 1286 3334 communicavit.

320 3359 363 3432 In
395 3358 545 3451 deftcal
579 3356 814 3452 disquidtians,
856 3355 930 3427 slve
968 3354 1289 3448 disquisitionibus

318 3458 388 3532 suis
424 3455 573 3529 medicis
619 3453 830 3526 ulteriorem
874 3455 1001 3543 hujus,
1046 3456 1165 3546 quoad
1209 3459 1288 3530 vir·

319 3569 443 3642 tutes,
480 3554 596 3642 ideam
632 3551 802 3639 tradidit,
835 3572 981 3641 quarum
1022 3550 1108 3624 duas
1145 3552 1288 3630 solum·

316 3654 431 3726 modo
455 3655 598 3726 Londin.
625 3675 678 3724 un.
699 3671 802 3740 1335.
836 3648 934 3742 typis
955 3647 1130 3727 idiomate
1148 3653 1287 3747 Angli·

316 3773 435 3848 cano,
471 3749 647 3849 expreffas
677 3748 861 3844 hucusque
889 3746 977 3826 vidi.
1035 3747 1097 3826 An
1126 3765 1285 3864 quarta,

666 3867 670 3876 ·
1174 3869 1288 3944 qum·
