2704 4790
612 52 658 136 a
1119 113 1124 125 ,

282 207 598 294 oecononum
643 205 891 290 nuruum
1063 231 1112 324 ‚q
1253 321 1257 336 1

77 387 204 481 modo,
225 411 291 483 quo
318 389 487 486 agricole
512 409 617 483 cura,
639 389 797 478 stercore
826 393 919 490 egris
946 387 1110 482 induor.

77 503 285 566 aratrorum
312 503 408 562 terra
436 491 639 566 miscentur.
691 490 809 564 Terra
831 493 904 564 hoc
923 493 996 584 jam
1022 511 1111 581 pre·
1234 487 1238 495 '

79 601 191 682 parata
219 585 349 675 modo,
391 588 522 680 plantio
561 587 683 662 denuo
723 610 743 661 e
779 589 854 663 finu
883 587 948 662 suo
980 585 1112 679 sponte

84 682 183 758 offert
207 707 245 756 ac
264 686 532 775 communicat,
564 707 639 778 quae
662 685 733 779 ipsa
762 688 915 779 recepit.
968 683 1128 764 Semioe.

87 783 167 856 cuim
191 781 268 854 dum
293 795 397 860 terro
427 783 732 875 committuntur,
759 783 982 858 subtiliorem
1007 783 1113 874 hujut

81 879 168 954 nuni
189 893 345 972 partem,
372 883 656 973 cooperantibus
682 881 777 968 soie,
805 887 910 972 aere,
933 881 1112 969 nubibus,

80 973 217 1070 pinciis,
238 978 360 1050 ventis
394 975 513 1052 secum
534 980 687 1069 uniunt,
711 977 778 1056 suar
806 991 944 1053 nature
970 997 1114 1054 accom-

80 1074 216 1148 modant
247 1075 280 1146 dt
313 1074 350 1148 in
383 1077 522 1166 plantas
555 1092 730 1168 vertunt,
761 1078 852 1154 adeo
881 1090 923 1150 ut
954 1074 1114 1151 aitiffima

75 1171 156 1244 licet
196 1173 326 1261 arbor,
374 1173 469 1248 aliud
512 1173 583 1248 dici
621 1191 804 1266 nequent,
841 1195 944 1268 quern
983 1173 1114 1248 humus

76 1293 148 1344 tum
170 1276 251 1344 edre
280 1271 315 1344 dt
340 1293 428 1365 aqua
448 1269 600 1344 mirifice
624 1275 848 1365 composita,
879 1271 1000 1366 &per
1018 1271 1115 1349 viret

79 1366 196 1462 exiguo
237 1369 360 1442 semini
405 1390 425 1440 a
469 1367 647 1446 creatore
687 1371 842 1460 inditas,
892 1367 1112 1444 modificata.

80 1462 208 1540 Euhie
245 1467 378 1561 plantis
415 1467 560 1540 tandem
598 1467 805 1557 destruam,
851 1467 932 1540 talis
971 1465 1116 1558 quidem

82 1565 235 1654 provenit
261 1565 411 1652 humor,
437 1565 549 1656 qualis
579 1581 686 1638 autea
716 1567 856 1655 fuerat,
884 1564 940 1637 sed
977 1563 1027 1636 ita
1063 1576 1117 1636 ta·

80 1681 151 1734 men
185 1679 224 1734 ut
254 1663 336 1755 pius
368 1662 452 1736 inde
487 1661 585 1736 humi
616 1663 689 1756 jam
722 1663 766 1736 fit
796 1663 983 1760 genitum,
1012 1679 1118 1752 quam

78 1759 161 1848 quod
201 1774 287 1834 ante
332 1759 610 1856 vegetationem
652 1760 690 1836 in
735 1783 782 1835 eo
829 1763 917 1835 loco
966 1759 1117 1847 sacrm,

77 1855 246 1932 existebat.
312 1857 463 1952 Augent
503 1857 613 1952 igitur
648 1857 869 1956 vegetabiiia
905 1873 1016 1930 atrum
1053 1856 1117 1928 hu·

75 1971 183 2044 mum,
211 1956 306 2030 unde
333 1977 396 2046 per
419 1955 518 2028 orbis
546 1953 773 2031 durationem
794 1957 948 2030 immoto
966 1949 1119 2048 persistit

76 2051 242 2128 fertilitas.
295 2052 415 2126 Terra
456 2051 552 2126 enim
595 2074 716 2127 annuo
758 2055 820 2128 suo
864 2053 991 2128 sumtui
1040 2069 1118 2125 nou

76 2145 219 2261 sufficere
245 2151 387 2245 potest,
416 2151 480 2224 nisu
510 2171 611 2224 nova
635 2150 700 2244 ipfi
726 2153 876 2227 accedat
902 2145 1118 2226 nutrimenti

78 2265 225 2322 mmmm.

139 2394 412 2470 trcHENEs
461 2393 626 2488 Crustumi
669 2393 822 2488 primum
868 2391 1117 2492 vegetationis

79 2491 340 2566 fundamentum
374 2491 479 2582 sunt,
519 2491 680 2582 adeoque
713 2493 809 2566 inter
842 2493 1004 2586 plantae,
1030 2493 1121 2589 licet

79 2592 217 2664 anobis
252 2589 363 2663 flocci
393 2590 514 2680 saepius
554 2589 674 2684 pensi,
705 2591 849 2666 maximi
888 2605 1008 2666 tamen
1040 2611 1120 2664 mo·
1262 2623 1266 2644 ·

73 2679 179 2762 'tuenti
218 2687 254 2762 in
299 2688 372 2758 hoc
403 2687 554 2760 Naturae
595 2685 834 2762 Oeconomiae
867 2689 997 2780 pontio
1038 2687 1121 2780 sunt

74 2779 229 2860 habendi.
278 2785 435 2882 Quando
458 2807 563 2878 rupes
590 2787 739 2878 primum
767 2787 889 2861 ernari
914 2801 1120 2880 emergunt,

81 2885 238 2956 undarum
268 2885 307 2954 vi
339 2885 389 2954 ita
427 2883 551 2976 p'oiitae
588 2881 690 2972 sunt,
725 2897 765 2956 ut
793 2881 898 2958 fixam
931 2883 1048 2956 sedem
1083 2885 1123 2956 iu

80 2978 117 3054 iir
139 2982 198 3056 uix
233 2979 424 3071 quidquam
462 2981 650 3056 herbarum
688 2980 873 3069 inveniat,
909 2995 1026 3074 prout.
1043 2979 1121 3054 ubi·

81 3099 140 3172 que
165 3079 267 3170 Juxta
301 3097 399 3150 mare
437 3078 560 3150 videre
598 3080 684 3152 iicet
712 3071 778 3167 ὣς
820 3100 906 3154 mox
941 3099 1034 3150 vero
1069 3082 1123 3246 it}-

82 3177 206 3268 cipiunt
229 3174 370 3250 minimi
400 3173 578 3250 Lichenes
607 3175 784 3249 Crustacei
812 3177 874 3250 has
909 3191 1031 3270 petras
1056 3197 1123 3275 ar·

84 3273 216 3348 diffimas
240 3289 389 3366 tegere,
414 3273 597 3348 sustentati
623 3271 761 3348 nomin
788 3275 913 3368 exigua
937 3273 996 3346 iila
1023 3271 1125 3346 humi

84 3373 393 3464 particularumque
445 3371 784 3463 imperceptibilium
837 3373 965 3460 copia,
1018 3389 1125 3464 quam

86 3467 187 3544 secum
219 3469 447 3546 adduxerunt
474 3470 603 3562 piuuiae
633 3470 769 3557 &adm
795 3467 852 3542 sed
882 3470 917 3542 hi
942 3469 1123 3544 Lichenea

84 3567 214 3642 tandem
244 3588 386 3659 quoque
407 3565 506 3640 i¹enio
535 3565 734 3654 consumti,
772 3567 807 3642 in
842 3581 972 3641 tetram
1007 3581 1123 3643 trans·

83 3679 161 3738 eunt
186 3661 432 3740 tenuiffimam.
483 3661 525 3736 In
556 3663 623 3737 hac
662 3680 739 3738 tum
772 3663 930 3743 Licienes
960 3655 1156 3832 inungi

678 3777 680 3784 ’
792 3777 797 3784 ·
886 3774 890 3784 ’
1029 3782 1068 3833 ra
1106 3801 1123 3817 ·

83 3875 1122 3909 p———Q-——nnn—-w

118 3929 149 4008 t)
164 3936 209 3998 dr.
228 3919 277 3995 W.
297 3931 511 4019 Gord.p.185.
