2704 4790
314 235 628 321 OECONOMIA
673 235 918 316 NATURAE.
984 267 991 280 ·
1122 253 1148 328 p

92 413 267 510 uentataee
302 435 382 498 culn
416 437 536 496 atem
574 420 712 496 nebulae
746 421 790 494 ab
820 420 1007 495 altioribus
1035 431 1141 494 terre

94 521 187 594 locis
223 522 257 592 δε
295 521 438 594 montib
527 521 753 592 attrahantur
787 513 845 606 r),
884 519 1023 592 necesse
1065 515 1139 609 est,

93 631 162 705 ut,
205 617 504 710 quemadmodum
538 620 664 707 etjam
686 639 747 706 par
780 615 851 702 est,
898 619 1141 712 majoraque

96 715 201 807 copia
222 715 419 790 eminentia
437 735 539 807 quem
565 713 722 808 depressa
747 713 870 810 irriget
896 713 1093 788 territoria.

102 925 105 930 ·
160 905 383 995 FONTES,
409 911 468 1004 qui
490 911 592 984 ¹circa
612 909 749 982 radices
773 909 953 982 montium
980 929 1141 986 commu·

93 1001 226 1078 nissrme
252 1025 465 1098 erumpunt,
491 1031 534 1080 ex
554 1010 620 1081 hac
641 1008 710 1098 ipsa
732 1007 930 1097 pluviarum
954 1029 1073 1097 aqua,
1098 1020 1141 1082 ut

94 1101 193 1174 &cx
218 1102 299 1194 ipsrs
322 1108 514 1198 vaporibus
538 1105 788 1193 condensatis,
818 1127 881 1196 per
904 1125 1078 1178 cavernas
1100 1103 1140 1197 ¹dt

91 1197 284 1272 interstitia
307 1201 466 1276 saxorum
498 1203 804 1298 ingredientibus,
831 1202 939 1294 inque
961 1202 1138 1274 cavitates

90 1299 275 1388 receptis,
309 1301 485 1374 oriuntur.
548 1300 597 1373 Hi
638 1303 792 1372 colatum
832 1299 864 1370 dc
898 1322 1020 1392 puram
1052 1321 1140 1392 prm

90 1394 183 1465 bent
222 1416 366 1486 aquam,
411 1419 486 1489 quae
527 1419 608 1470 raro
647 1397 767 1470 aellate
812 1396 1031 1484 exsiccatur,
1078 1408 1140 1472 aot

91 1491 212 1564 hieme
240 1494 461 1584 concrescit,
488 1511 529 1568 ut
562 1512 671 1587 potus
704 1494 839 1588 semper
871 1494 1138 1590 suppeditetur,

87 1591 303 1662 'animalibus
324 1589 527 1666 reficiendis
556 1610 689 1686 ’aptus'
1132 1596 1134 1602 ’

162 1780 473 1860 FLUVIORUM
499 1787 602 1876 primi
637 1800 738 1860 ortus
769 1786 848 1861 sunt
876 1787 1000 1860 fontes
1020 1786 1062 1860 dt
1089 1787 1138 1860 ri·

82 1879 188 1966 vuli,
223 1880 258 1952 in
291 1905 411 1956 amnes
444 1885 565 1958 sensim
597 1883 790 1976 sensimque
814 1891 1014 1972 coduntes,
1042 1907 1138 1976 quo·

88 1999 168 2051 rum
192 1981 382 2072 multiplici
412 1983 583 2076 coniugio
613 1983 714 2054 fluvii
744 1983 959 2076 gignuntur,
994 1983 1027 2054 u
1059 1979 1138 2074 post

89 2071 252 2147 diversos
292 2079 484 2152 concursus
523 2081 558 2152 ln
596 2079 692 2151 vasta
733 2081 873 2152 demum
907 2080 1052 2152 flumina
1078 2079 1138 2152 ab·

90 2186 203 2258 eunt,
240 2197 315 2264 quae
351 2191 419 2248 nec
446 2179 543 2270 prius
572 2175 778 2263 subsistunt,
809 2197 936 2268 quam,
969 2179 1012 2248 ad
1041 2196 1137 2249 mare

77 2269 353 2362 pertingentia,
402 2272 609 2366 conjundlas
652 2276 701 2345 ibi
746 2277 882 2358 moles,
940 2297 1009 2348 una
1053 2293 1136 2347 curn

89 2369 289 2462 peregrinis
326 2371 360 2441 da
392 2369 508 2450 'terris‘
544 2373 810 2464 quibuscunque
852 2371 1030 2460 abdustis,
1065 2372 1137 2462 pla·

89 2465 174 2538 cido
205 2469 305 2538 cursu
336 2484 548 2545 exonerent.
598 2469 652 2541 Ita
681 2492 744 2564 per
768 2469 938 2542 circulum
968 2491 1014 2540 eo
1042 2467 1136 2541 redit
1172 2511 1174 2516 .

88 2583 200 2655 aqua,
233 2563 328 2636 unde
349 2565 508 2657 primam
531 2568 652 2640 ¹traxit
686 2568 885 2664 originem,
914 2581 955 2640 ut
986 2568 1136 2652 eandem
1195 2629 1196 2634 a

74 2659 222 2734 'iterum
246 2659 383 2735 scenam
409 2665 520 2742 ludat.

163 2855 413 2946 PALUDES‚
443 2879 487 2932 ex
508 2871 650 2932 retenta
670 2880 758 2952 aqua
781 2859 817 2934 in
837 2859 928 2933 locis
951 2855 1135 2952 depressio·

89 2955 188 3029 ribus
214 2969 328 3038 ortae,
362 2957 472 3030 homo
503 2957 681 3046 caespitosa
715 2958 869 3051 implete
898 2958 998 3042 stunt,
1036 2957 1135 3048 cujus

89 3052 267 3146 originem
298 3051 321 3124 sr
349 3075 502 3144 quaeras,
549 3057 756 3148 plerumque
792 3072 853 3128 aut
888 3075 1054 3145 aquarum
1091 3075 1136 3128 ex

87 3151 279 3224 altioribus
328 3149 418 3224 locis
458 3151 691 3225 defluentium
737 3152 915 3240 beneficio
961 3152 1031 3226 buc
1076 3150 1135 3222 ad-

85 3248 228 3320 veslam
259 3245 328 3318 esse
364 3247 628 3336 deprehendes,
664 3265 725 3322 aut
750 3273 794 3324 ex
821 3250 973 3345 plantis,
1006 3248 1043 3322 in
1074 3267 1135 3341 pa·

84 3345 230 3423 ludibus
253 3345 481 3436 putrefactis,
508 3345 726 3439 produdlanr.

162 3535 330 3612 PRATA
356 3559 455 3610 nova
481 3561 525 3613 ex
554 3541 739 3634 paludibus
761 3541 946 3616 exsiccatis
973 3542 1134 3636 generari

82 3639 182 3715 haud
199 3657 292 3708 'raro
323 3637 544 3728 experimur3
582 3639 616 3710 id
650 3661 742 3713 vero
770 3654 886 3713 uteo
916 3639 1023 3712 citius
1049 3637 1133 3729 liat,
