2702 4792
243 177 296 300 ‘n
473 191 805 297 or‘couo'nrn
827 200 1070 301 nuruum.

148 453 149 456 =
241 401 332 475 'sunt
358 367 557 474 terrarum
572 403 796 496 lapidumque
822 423 953 497 genera
978 391 1253 475 diversimode
1243 414 1292 477 ru·¹

251 501 310 578 ter
335 496 382 571 se
392 497 492 569 unita
518 501 794 589 decommum,
833 515 893 573 tot
919 503 1025 612 etjam
1054 499 1264 592 prodeunt
1255 515 1291 573 ru

249 594 378 708 Regno
416 593 579 710 Lapideo
625 598 757 691 species
807 599 866 670 vel
906 601 1127 684 varietates,
1178 597 1292 668 usibus

250 684 360 774 variis
381 715 448 790 pru
470 695 629 792 cujusvis
654 695 778 772 indole
805 717 846 768 ac
866 709 1014 787 natura,
1036 695 1292 770 inservitura

714 921 747 1008 ς.
778 913 845 992 IV.

583 1051 589 1060 ⁸
665 1081 882 1176 conservatio.

248 1264 252 1271 ·
322 1219 636 1316 Quemadmodum
662 1221 740 1294 vita
770 1223 804 1294 &
830 1221 1031 1316 organismo
1057 1218 1292 1294 destituuntur

248 1321 406 1414 lapides,
438 1319 471 1391 do
502 1320 667 1392 duriores
698 1319 799 1407 sunt,
835 1343 903 1392 nec
936 1318 1115 1411 putredini
1143 1332 1203 1388 aut
1236 1338 1294 1388 acu

250 1415 453 1493 crescentiae
489 1417 660 1505 obnoxii,
697 1418 744 1490 src
778 1420 883 1510 etjam
918 1440 988 1529 prae
1013 1416 1146 1489 ceteris
1175 1414 1293 1487 omni·

249 1520 317 1594 bus
348 1513 534 1588 diutissime
567 1515 772 1604 perdurant.
823 1515 966 1588 Hanc
956 1537 991 1588 1n
1024 1535 1099 1586 rem
1121 1527 1294 1604 quantum

250 1614 417 1688 conferat
451 1619 511 1683 adr
543 1612 647 1683 facile
679 1612 913 1707 intelligitur,
951 1613 1010 1705 qui
1040 1612 1077 1686 in
1110 1609 1294 1700 superficie

249 1731 354 1782 terra,¹
381 1710 500 1781 varios
528 1703 660 1800 lapides
684 1710 846 1800 indurat,
880 1733 954 1802 quo
988 1709 1062 1803 ipso
1095 1708 1296 1780 redduntur

248 1809 457 1920 solidiores,
489 1807 749 1895 cumpadiures
784 1809 818 1879 u
845 1824 973 1881 contra
997 1807 1170 1900 temporis
1201 1805 1295 1898 inju-
1343 1817 1344 1824 ’

248 1908 318 1982 rias
345 1906 462 1977 multo
484 1904 758 1980 constantiores.
810 1905 868 1976 Sic
896 1909 1036 1980 Calcarii
1061 1907 1199 1999 lapides,
1233 1902 1296 1973 sub

249 2005 310 2076 dio
337 2001 468 2074 diutius
497 2001 714 2090 existentes,
747 2003 908 2075 duriores
932 2003 1111 2091 eradunt,
1138 2001 1174 2072 id
1197 1996 1297 2090 quod

248 2123 292 2173 ex
325 2099 638 2172 observationibus
677 2101 778 2195 vulgi
811 2100 1025 2174 notissimum
1048 2094 1111 2188 ru).
1168 2099 1299 2187 iliargu

250 2203 420 2283 Creterra,
457 2217 501 2268 ox
533 2218 601 2287 qua
639 2198 773 2289 lapides
807 2199 849 2270 ad
882 2198 1091 2271 exstruenda
1119 2195 1298 2270 Flandriae

248 2295 395 2372 edificia
425 2308 618 2381 eruuntur,
646 2297 849 2387 quamdiu
841 2319 877 2370 rn
903 2297 1027 2372 sodina
1050 2308 1192 2367 maneat
1212 2292 1299 2364 sria

246 2397 328 2470 bilis
360 2390 430 2480 est3
473 2391 556 2463 inde
594 2413 684 2463 vero
720 2393 890 2484 prodndla
925 2409 1031 2486 atque
1064 2393 1180 2464 libero
1220 2386 1298 2462 ae'ri

249 2493 431 2590 exposita,
457 2487 579 2561 sensim
605 2487 796 2581 sensimque
816 2491 1019 2566 indurescit.
1073 2491 1172 2562 illuri
1191 2489 1299 2579 nostri

249 2591 395 2662 &orces
422 2588 610 2664 uernsir'orer
637 2588 710 2678 pari
739 2589 881 2660 ratione
910 2586 1165 2661 firmitudinem
1196 2585 1300 2658 suam

192 2685 198 2702 '
247 2685 421 2778 temporis
462 2681 614 2755 successu
662 2685 932 2773 nanciscuntur,
983 2707 1089 2780 quare
1136 2687 1300 2776 majores

247 2782 429 2860 nostros
420 2803 454 2852 rn
481 2777 557 2851 airte
583 2801 764 2854 moerorum
786 2783 1076 2856 exstruendorum
1105 2780 1299 2854 hodiernis

248 2880 442 2956 artificibus
461 2877 673 2970 praestiriffe,
699 2901 881 2973 perperam
901 2883 1012 2974 vulgo
1033 2881 1211 2953 creditum
1233 2877 1301 2953 est.

326 3023 450 3098 Causs'a
484 3036 566 3093 utut
609 3025 803 3114 etjamnurn
840 3027 974 3112 lateat,
1015 3048 1078 3098 cur
1110 3023 1303 3104 findantur

245 3125 361 3221 pallini
385 3123 605 3213 pregrandes
628 3139 737 3213 petrae
765 3143 965 3214 rupesque,
991 3124 1087 3196 irride
1108 3144 1183 3197 non
1211 3143 1304 3198 raro

244 3222 405 3320 ingentia
428 3220 648 3292 divelluntur
673 3219 894 3313 fragmenta,
925 3220 960 3292 id
985 3235 1107 3296 tamen
1125 3220 1307 3294 observa·

246 3340 323 3401 tum
350 3317 422 3400 est,
450 3317 531 3386 a'b
524 3317 772 3390 intercedente
805 3339 891 3408 aqua
922 3318 958 3391 in
993 3317 1116 3390 iisdem
1144 3336 1307 3396 retente

246 3417 477 3495 concrescere
503 3411 657 3502 fissuras,
694 3412 902 3518 &Onomar
928 3429 989 3490 aut
1016 3419 1113 3510 Spero
1134 3417 1306 3492 consoli-

246 3518 330 3592 deri
383 3503 479 3583 ilinc
499 3509 685 3612 Orrarrzum
721 3513 781 3588 vix
752 3487 934 3584 alicubi
961 3515 1140 3604 reperies,
1162 3515 1275 3590 nin
1265 3539 1309 3596 ιη

245 3616 314 3692 illis
339 3585 539 3704 lapidibus,
561 3610 620 3700 qui
650 3631 773 3703 aquarn
797 3610 979 3704 particulis
1005 3609 1190 3705 lapideis
1178 3617 1309 3704 iuqui-

1153 3727 1309 3803 natam,

245 3851 1310 3880 ——nau—-u-——m

289 3917 410 4000 ηπ.
434 3916 529 3984 Gorrl.
543 3931 613 3998 231·
721 3908 727 3917 ’
