2602 4788
220 283 280 362 94.
609 249 902 340 TAENIA·

669 445 721 538 a.
772 435 818 517 x.

296 627 445 716 Plurimi
475 637 513 714 ln
547 653 590 712 ea
625 635 803 731 opinione
841 631 971 725 fuere,
1013 623 1111 730 quod
1140 620 1261 709 Tanlu

222 751 350 811 omnes
378 735 682 810 connecterentur
715 753 761 808 ea
791 725 1020 808 Ascaridibur
1054 745 1115 806 aut
1144 735 1262 806 vermi·

221 837 290 908 bus
333 823 579 908 Cucurbitinis
615 833 686 930 (ut
719 832 820 928 supra
857 852 937 927 pag.
962 823 1075 924 76.),
1111 831 1262 924 quodque

222 921 349 1026 finguli
371 928 557 1006 Ascurides
583 941 752 1026 gererent
777 931 931 1005 formam
956 927 1039 1027 (ng.
1056 925 1086 1002 1.
1105 922 1167 1019 n)
1185 947 1262 1001 ovas

221 1039 320 1118 tam,
355 1030 517 1126 margine
554 1029 599 1102 ab
633 1027 751 1102 altero
782 1027 883 1120 apice
915 1040 1153 1117 coronatam,
1186 1038 1261 1098 toto

222 1120 365 1221 reliquo
405 1139 562 1222 corpore
603 1125 757 1216 latiore,
795 1125 891 1198 intra
924 1145 1031 1219 quern
1076 1123 1261 1217 marginem

222 1240 312 1298 anua
345 1224 480 1300 uernn's
514 1225 668 1313 lateretr
692 1221 861 1319 quodque
884 1224 920 1298 hi
949 1223 1076 1318 singuli
1096 1221 1260 1296 continuo

220 1337 328 1398 motu
361 1335 562 1416 quaterent
599 1341 706 1397 anum
734 1321 882 1394 alteriui
913 1320 947 1394 dr
976 1319 1127 1416 proprio
1156 1316 1262 1412 capita

221 1417 369 1494 alterius
402 1440 509 1494 anum
539 1419 746 1512 intrarent,
770 1420 928 1492 retroire
955 1433 1048 1491 uero
1079 1430 1141 1492 aut
1165 1421 1262 1508 caput

221 1517 407 1596 retrahere
434 1537 510 1592 non
532 1505 700 1611 polibat,
733 1513 792 1589 sed
810 1515 1116 1590 comederentur
1134 1515 1169 1590 dt
1187 1533 1263 1589 coa·

221 1611 426 1690 crescerent
454 1614 506 1687 ita
536 1615 573 1689 in
603 1613 758 1689 formam
790 1610 1101 1707 moniliformem,
1130 1613 1168 1688 in
1192 1623 1263 1684 ver·

220 1729 318 1790 mem
343 1707 508 1788 Taeniam
538 1709 685 1788 didiamr
720 1711 770 1786 iic

296 1899 444 1983 Albinus
468 1903 732 2002 (Conrillatorlr
768 1903 968 1983 lumbricos
1000 1899 1100 2002 latua
1132 1897 1200 1979 effe
1226 1889 1268 1974 ad

218 1999 327 2080 instar
356 2004 532 2082 seminum
568 2004 791 2100 cucurbita,
822 2000 887 2078 filo
911 2002 1021 2080 uolua
1056 2003 1098 2080 in
1124 2006 1263 2080 altenm

220 2101 521 2196 conjunctorum.⁴

298 2291 474 2374 Taddaeusr
501 2268 768 2396 ligariuermea
785 2289 1028 2386 adinvicem,
1047 2285 1147 2392 qaaasa
1163 2285 1263 2370 ell’ml

215 2411 326 2495 mana
349 2397 546 2472 cucurbitae
566 2397 678 2495 ligata
705 2411 788 2472 cum
813 2391 969 2492 quodam
991 2391 1070 2472 filo.

292 2589 517 2667 Savanarota:
549 2581 620 2662 esse
642 2587 686 2664 ad
708 2590 871 2666 invicem
895 2589 1099 2666 continuoa
1129 2583 1165 2665 u
1187 2599 1263 2664 auu·

216 2707 355 2782 nexos,
392 2687 488 2784 quau
519 2680 684 2762 ianiculo
711 2689 756 2765 ad
783 2688 945 2765 invicem
968 2687 1120 2785 ligator.

261 2881 569 2962 vellemannes:
611 2901 677 2959 eor
722 2881 929 2960 alternatim
962 2879 1027 2960 ubi
1065 2865 1266 2962 continual

216 2981 263 3061 ad
294 2981 444 3059 modum
473 2978 680 3058 chordellc.
1065 3074 1091 3125 ι

286 3171 669 3271 Βοιαᾱίᾶας(Αἱεκ.).·
698 3175 751 3252 ita
773 3173 869 3253 inter
889 3173 923 3250 se
941 3169 1169 3273 langorum,
1192 3165 1268 3246 dum

217 3273 354 3352 scilieet
386 3275 604 3349 alteralteri
630 3275 817 3350 mordicus
845 3275 1059 3363 inhereret,
1075 3271 1268 3370 juaagebn·¹

217 3385 298 3461 tur,
327 3384 482 3466 quatuor
517 3371 663 3447 cubitos
697 3373 943 3462 excederent,
978 3385 1020 3447 ut
1054 3389 1170 3448 unum
1198 3381 1268 3442 tan·

216 3481 299 3546 tum
319 3489 477 3564 corpur,
500 3485 612 3544 unum
637 3470 812 3546 duntaxat
838 3485 1001 3544 vermem
1026 3483 1191 3566 putarer.

154 3723 161 3736 .
296 3661 506 3758 Valllsnerlus
542 3663 636 3740 hanc
671 3664 885 3742 sententiam
920 3663 1015 3742 clare
1048 3661 1082 3738 dc
1120 3655 1270 3742 dilucide

216 3758 429 3857 proposuit,
462 3758 522 3836 sed
562 3755 704 3854 alierit,
746 3765 815 3840 boa
842 3766 965 3861 plurer
1006 3775 1270 3842 concatenatur

217 3855 388 3954 predicto
430 3859 545 3950 modo
579 3861 826 3961 vermiculoa,
874 3881 1057 3959 nunquam
1089 3863 1132 3944 in
1167 3873 1271 4034 ¹⁸¹2?
