2702 4792
244 298 292 404 '34
467 295 786 378 OECONOMIA
828 297 1074 378 NATURAE.

241 489 449 583 generatos·
474 481 566 568 effe,
606 483 845 580 generatione
883 481 932 557 sre
973 481 1063 556 diua
1097 477 1310 572 aequivoca,

220 585 336 677 ,duod
365 596 485 654 tamen
514 579 714 658 absurdum.
767 582 852 654 Alia
884 579 920 654 in
955 585 1065 655 certis
1095 579 1309 654 animalibus

241 691 317 792 uva
343 681 555 753 excludunt.
1311 687 1338 710 ··

282 803 284 808 Ι
319 843 436 914 Blorta
466 845 633 936 lapponlca
662 842 758 950 inter
783 839 930 936 piscium
955 841 1124 935 squamas.

251 1033 276 1066 a·
321 1006 464 1094 Oasites-
493 1009 598 1080 Bovis
645 1007 682 1082 in
725 1006 832 1082 dorso
876 1007 1015 1093 Boumt
1079 1005 1225 1078 Tarordi
1269 999 1309 1074 in

244 1087 351 1199 dorso
390 1103 694 1196 tang-treforum,
736 1108 856 1200 narsidis
884 1105 935 1176 ‘in
970 1103 1114 1177 naribus
1157 1099 1311 1185 ovium3

245 1204 515 1278 hemorrhoidalir
569 1204 607 1278 iu
648 1207 739 1276 rubo
798 1200 1020 1290 intestinali,
1073 1202 1132 1273 vel
1198 1199 1309 1271 fauce

244 1283 453 1389 Equorum,
498 1301 728 1376 hibernacula
762 1301 957 1392 obtinent,
999 1320 1069 1373 nec
1110 1297 1312 1371 exeludun-

244 1411 327 1488 tur,
380 1413 571 1492 antequam
617 1403 782 1493 proxlma
824 1399 921 1472 estas
971 1395 1126 1472 accedit.
1187 1393 1312 1469 Immo

177 1517 182 1531 ·
247 1482 320 1586 ipra
348 1494 479 1590 lnietla
505 1497 594 1590 saepe
621 1498 890 1572 circumdantur
909 1497 1060 1570 aliorum
1085 1491 1312 1568 Inscilorum

247 1593 354 1668 uvis.
384 1593 475 1666 adeo
512 1612 553 1669 ut
579 1597 642 1670 vix
667 1597 795 1670 animal
823 1595 1045 1688 reperiatur,
1079 1590 1174 1684 quod
1206 1592 1312 1666 suum

246 1693 432 1784 proprium
460 1715 536 1767 non
565 1698 636 1768 alat
664 1694 864 1784 Insedlum‚
891 1709 931 1767 ut
956 1695 1000 1766 de
1029 1692 1106 1765 aliis
1136 1688 1311 1764 omnibus

248 1789 374 1875 lueis,¹
392 1791 427 1866 in
449 1794 577 1886 quibus
603 1814 676 1866 ova
692 1808 860 1887 ponunt,
884 1791 972 1866 nihil
988 1793 1061 1884 jam
1084 1790 1259 1864 dicamus.

253 1971 258 1982 ·
326 1941 596 2052 Metamorphoses
629 1956 744 2029 varias
781 1955 942 2048 deposrta
974 1953 1193 2028 lnietlorum
1232 1973 1311 2034 ova

249 2035 326 2124 lere
352 2053 497 2141 omnia,
524 2053 696 2146 stupenda
723 2069 861 2127 naturae
890 2055 995 2149 lege,
1032 2053 1147 2125 subire
1177 2067 1313 2127 tenen-

251 2164 332 2230 tur.
373 2173 404 2224 e.
422 2173 455 2245 g.
513 2153 694 2250 Papillonir
735 2173 847 2225 ovum
894 2149 1050 2224 Bralllcae
1093 2149 1311 2243 immillum,

249 2249 411 2322 omnium
435 2250 553 2342 primo
579 2253 697 2325 Larua
715 2250 838 2323 evadit
859 2249 1124 2346 graminivora,
1143 2264 1310 2342 reptans,

247 2327 529 2440 Xlells,'quae
563 2349 695 2424 deinde
724 2349 850 2422 transit
880 2348 916 2422 in
953 2349 1099 2441 Pappum
1129 2346 1309 2441 apodem,

247 2446 428 2540 glabram,
453 2449 700 2540 jejunantem
735 2449 810 2520 lraec
845 2468 936 2519 vero
969 2447 1115 2519 tandem
1150 2443 1312 2540 erumpit

248 2541 285 2616 in
319 2545 518 2636 papilionem
553 2547 763 2630 volantem,
809 2547 1087 2632 versicolorem,
1130 2545 1311 2619 hirsutum

251 2627 286 2713 dt
324 2642 544 2738 mellisugum
581 2639 641 2732 c),
691 2644 788 2738 Quid
836 2643 964 2736 majori
1009 2643 1155 2737 dignum
1193 2643 1311 2714 admi-

247 2743 413 2827 ratione,
444 2764 548 2834 quam
578 2741 675 2834 quod
703 2764 812 2816 unum
831 2743 996 2834 idemque
1022 2743 1151 2814 animal
1173 2740 1210 2814 in
1233 2741 1312 2814 sce·

246 2857 328 2912 nam
358 2839 534 2931 prodeat,
565 2855 626 2914 tot
652 2839 818 2916 indutum
850 2841 1087 2935 imaginibus,
1115 2863 1156 2914 ac
1182 2839 1207 2914 st
1234 2841 1308 2912 tria

248 2937 361 3012 client
388 2936 547 3012 distindla
574 2938 751 3016 animalia.

316 3093 565 3166 VERMIUM
593 3092 842 3188 generationis
877 3093 976 3188 leges
1007 3089 1123 3166 adhuc
1148 3093 1312 3170 maxime

247 3192 326 3267 sunt
349 3190 529 3275 obscurae,
568 3213 675 3284 quum
706 3191 885 3263 interdum
908 3213 971 3285 per
997 3213 1091 3282 ova,
1121 3191 1312 3270 interdum

245 3311 309 3383 per
334 3290 548 3384 propagines
569 3291 696 3375 vivas,
728 3289 820 3362 haud
846 3287 951 3362 aliter
970 3312 1011 3364 ac
1028 3312 1180 3386 gemme
1198 3295 1311 3367 arbu-

245 3410 346 3478 rum,
373 3391 516 3460 easdem
545 3384 668 3479 perfici
693 3385 893 3466 videamus.

321 3550 473 3645 derom
517 3549 677 3646 Polypum
730 3563 810 3621 cum
874 3549 1007 3622 summa
1062 3548 1311 3627 admiratione

245 3647 477 3726 observatum
523 3647 578 3722 est
635 3648 851 3744 propagines
905 3646 1100 3720 demittere
1162 3647 1196 3720 e
1250 3671 1314 3722 ra-

1220 3769 1314 3822 mos

246 3995 251 4008 '
281 4013 315 4090 t)
337 4005 428 4070 One.
449 4001 494 4070 tl.
513 4001 597 4086 Pus.
615 4001 650 4071 dr
670 4005 817 4090 Propero.
836 4000 937 4087 Irrfiil.
962 4003 993 4086 5.
1009 4010 1041 4084 li,
