2702 4792
260 229 304 342 ιόῃ
486 224 802 304 OECONOMIA
844 227 1092 308 NATURAE

259 407 465 506 sepeliatur:
491 407 575 482 hinc
600 407 695 482 enirn
723 405 803 498 lit,
815 423 857 482 ut
882 409 969 482 rami
996 408 1032 482 in
1053 406 1190 481 radices
1207 425 1308 493 eumz

260 519 468 604 mutentur,
495 505 631 581 radices
660 524 750 578 vero
778 507 867 580 folia
892 508 925 580 δι
952 503 1060 580 flores
1085 508 1303 598 producant:

262 595 416 701 exempli
448 595 551 678 loco
564 605 605 676 srt
637 601 741 689 iilia,
766 607 862 678 circa
889 625 992 698 quam
1022 603 1203 676 hortulani
1233 599 1303 674 hoc

261 691 454 812 prasertim
491 687 786 812 experimentum
820 701 1005 777 instituere
1043 701 1172 774 solent
1223 691 1307 770 Hoc

260 813 380 892 tamen
407 800 592 886 immotam
623 796 715 872 illam
743 799 958 888 ueritatem,
986 821 1060 894 que
1093 797 1215 871 omnia
1243 817 1303 866 ve-

261 886 430 1006 getabilia
458 919 520 998 per
546 877 675 968 semina
701 898 886 994 propagari
913 897 1095 984 inculcat,
1122 919 1167 966 eo
1189 891 1305 968 minus

261 995 424 1080 euertit,
459 1017 530 1088 que
562 985 673 1090 magis
708 1013 810 1086 paret
837 997 913 1068 lraec
941 995 1063 1068 omnia
1089 991 1158 1067 else
1186 1008 1303 1084 partes

261 1087 392 1183 plantae
417 1112 462 1162 err
495 1075 625 1164 semine
655 1091 743 1164 olirn
770 1091 978 1188 produtlas;
1012 1093 1104 1164 adeo
1134 1106 1175 1164 ut
1204 1109 1304 1161 accu-

260 1206 337 1261 rate
362 1189 544 1280 loquendo
575 1211 751 1279 nunquam
784 1190 857 1264 line
891 1179 1022 1262 semine
1047 1209 1146 1262 noua
1175 1205 1304 1281 prove-

260 1289 335 1360 niat
369 1288 490 1376 planta
525 1279 576 1374 r.)
635 1285 694 1359 Sic
723 1288 866 1379 plantae
884 1286 1016 1358 semina
1049 1287 1189 1378 quidem
1224 1293 1303 1376 pro·

261 1385 466 1483 ιιιιιιιιιιςι
451 1407 492 1456 ea
530 1407 620 1456 vero
651 1385 694 1456 ad
727 1385 906 1478 speeiem
911 1383 1003 1457 suam
1040 1406 1152 1479 propa
1180 1383 1304 1454 audant

261 1483 418 1555 omnino
444 1467 593 1575 rlepta-
575 1469 688 1569 esse,
724 1483 789 1556 nist
816 1469 1049 1556 antecesserit
1070 1405 1305 1556 roseum·

259 1578 447 1666 DATlO‚
476 1603 550 1670 que
587 1595 715 1652 mutuo
753 1581 849 1652 inter
882 1578 1041 1652 diversos
1083 1579 1183 1652 sexus
1218 1595 1303 1650 con·

261 1678 374 1751 nubio
421 1679 639 1766 absolvitur,
683 1679 825 1750 abunde
867 1677 1028 1770 loquitur
1070 1674 1300 1785 experientia.

259 1774 360 1870 Ergo
389 1777 542 1868 plante
557 1774 625 1848 suis
654 1777 774 1868 etjam
812 1778 956 1887 organis
997 1775 1213 1870 genitalibus
1253 1772 1304 1844 in·

259 1871 439 1948 struantur
465 1871 602 1945 necelle
619 1849 696 1960 est,
724 1895 791 1964 qua
816 1875 858 1956 in
879 1895 918 1945 re
943 1874 1106 1967 analogia
1129 1868 1304 1961 cumani

260 1972 411 2045 malibus
438 1969 601 2049 obtinet
649 1971 866 2066 Quoniam
856 1993 902 2044 ιιι.
918 1969 1026 2082 omni
1047 1953 1168 2062 planta
1196 1969 1304 2041 flores

259 2067 396 2159 semper
428 2067 648 2164 antecedunt
681 2065 877 2157 fresios,
868 2090 975 2164 inque
1004 2064 1045 2140 iis
1075 2063 1206 2156 semina
1242 2061 1304 2138 soe·

259 2166 412 2242 cundata
447 2186 663 2262 emergere
669 2159 781 2238 visum
813 2163 898 2254 est
927 2179 1031 2260 patet
1072 2165 1111 2238 in
1151 2163 1302 2236 floribus

258 2261 442 2336 contineri
464 2277 582 2355 partes
607 2241 804 2357 genitales,
828 2287 902 2361 que
933 2268 1072 2337 arraberae
1100 2259 1303 2354 &stigmam

260 2359 448 2448 dicuntur,
478 2359 609 2451 ireque
649 2361 756 2451 etjam
780 2361 883 2443 intra
921 2361 1030 2433 liores
1064 2358 1302 2432 foeeundatlo·

258 2480 342 2534 uem
379 2457 526 2530 absolvi.
587 2455 645 2530 Fit
681 2479 771 2531 uero
815 2457 892 2532 haec
933 2458 1115 2530 mediante
1159 2451 1303 2562 pollinis

258 2557 486 2629 antlrerarum
525 2555 646 2652 illapsu
688 2554 789 2667 super
830 2556 973 2630 humida
1017 2555 1201 2666 stigmata,
1243 2547 1304 2623 ubi

258 2656 380 2745 pollen
404 2653 581 2748 adheret,
602 2653 782 2742 rumpitur
803 2653 835 2726 lle
853 2652 950 2726 efflat
968 2652 1154 2728 materiam
1174 2643 1303 2724 tenuis·

258 2751 400 2841 simam,
426 2772 510 2845 quae
531 2731 741 2824 absorbetur
770 2774 833 2843 per
854 2751 975 2846 stylum
1001 2734 1037 2822 bt
1063 2751 1105 2822 ad
1132 2750 1303 2822 seminum

256 2849 458 2925 rudimenta
493 2848 557 2918 de
541 2849 674 2934 estur,
708 2861 750 2933 ut
708 2849 858 2922 uhaee
891 2872 931 2920 ea
966 2848 1108 2920 rarione
1139 2837 1306 2919 foecunda'

258 2946 463 3024 reddantur.
517 2943 600 3040 Hoc
619 2943 712 3019 satio
733 2964 851 3036 partes
869 2946 1043 3042 genitales
1066 2936 1307 3030 marcescunt,'

260 3041 452 3154 cadunt,'
443 3064 553 3114 ιιιιιιιο
587 3029 703 3114 to'tius
738 3041 838 3116 floris
871 3066 956 3116 mox
990 3039 1250 3132 subsequitur
1242 3061 1304 3112 rru-

257 3141 426 3216 mutatio.
473 3139 675 3214 Observare
704 3156 824 3214 tamen
859 3141 980 3213 licet
971 3163 1006 3213 ιιι
1038 3141 1167 3234 Regno
1195 3157 1306 3232 vege·

258 3239 360 3310 rabili
394 3260 468 3312 non
499 3237 635 3330 semper
669 3259 775 3310 unum
804 3237 1027 3350 eundemque
1056 3239 1182 3312 florem
1219 3257 1306 3308 eon·

194 3395 195 3398 ,
259 3337 379 3408 tinere
407 3357 541 3429 organa
574 3335 743 3430 genitalia
769 3337 952 3436 utriusque
979 3334 1102 3422 sexus,
1134 3325 1308 3426 sedsaepe

257 3427 294 3506 in
317 3455 390 3506 uno
417 3433 575 3504 thalamo
594 3448 733 3506 tantum
758 3451 909 3518 marem,
939 3431 1032 3506 &in
1062 3434 1176 3503 altero
1203 3429 1306 3505 semi·

257 3551 364 3622 uam,
388 3532 424 3603 in
444 3531 567 3602 eadem
594 3527 654 3600 vel
679 3529 815 3603 diversa
842 3533 962 3626 planta
985 3525 1111 3604 adesse.

1257 3665 1312 3740 Ut

255 3803 563 3836 Q*
873 3819 1312 3844 -n--u--n--n-n

299 3905 336 3988 r)
354 3904 509 3970 Browitllii
532 3909 643 4000 Eum.
668 3907 930 3996 Eppfrmegesg·
946 3926 979 3996 p·
992 3929 1041 3995 ¹3·
1061 3939 1069 3952 ‚
