2604 4788
154 251 163 264 ’
257 320 327 393 228
611 297 717 379 rau
761 295 965 378 aureus.-

257 484 475 575 meduntur,
501 501 578 558 non
599 483 721 557 causes
751 493 813 556 aut
850 481 959 569 solia3
999 477 1044 554 ab
1077 478 1147 554 aliis
1173 477 1277 553 iterun

256 587 368 674 solia,
395 604 471 658 non
501 582 634 656 causes.
684 577 784 654 Dum
821 579 910 654 solia
931 600 950 651 a
975 579 1160 672 pecoribus
1189 577 1274 648 deuo

255 697 404 771 rantur,
436 677 556 752 nostra
580 677 630 751 est
659 676 860 767 sententia,
890 675 988 770 quod
1013 676 1173 748 devorari
1192 675 1270 747 heris

257 781 329 855 dici
361 775 488 872 possit,
532 774 706 868 alioquin.
737 795 850 870 pauca
892 775 1088 848 ederentur
1127 773 1272 845 Gramine

262 881 381 953 Orcus.
411 877 499 950 Nur.
529 893 608 969 pag.
628 884 685 956 81.
750 871 882 965 Neque
914 871 1054 946 Pecora
1086 869 1278 964 &Jumeuta

256 975 352 1051 same
395 975 559 1046 laborare
599 970 734 1044 debent
767 969 904 1059 nimia,
947 968 1073 1042 srrite
1108 967 1277 1042 instituatur

257 1072 572 1168 experimentum
613 1069 661 1142 fic
689 1067 784 1142 enim
815 1067 966 1160 plurima
998 1067 1195 1161 deglutiunt
1221 1063 1279 1136 avi·

257 1171 325 1262 de,
370 1189 452 1243 cum
493 1165 726 1240 vehementia
759 1165 866 1239 famis
901 1185 945 1238 ea
976 1162 1143 1252 sufferat,
1172 1181 1280 1256 quet

255 1283 389 1344 ventre
421 1266 581 1339 saturato
611 1264 877 1358 spernerentur.
923 1262 983 1334 Sic
1013 1261 1170 1358 ineptum
1194 1261 1280 1334 etiam

256 1367 308 1442 est
357 1365 441 1439 huic
481 1362 635 1458 negotio
683 1382 795 1434 omne
840 1383 952 1455 pecus
991 1373 1054 1433 aut
1086 1362 1277 1452 jnmeutun,

257 1464 355 1559 quod
379 1486 399 1535 e
419 1461 563 1534 stabulis
586 1459 742 1552 primum
772 1459 918 1552 prodit,
956 1479 1064 1552 quum
1094 1459 1182 1532 fame
1210 1449 1281 1550 pres·

256 1562 329 1637 sum
356 1559 491 1632 virides
517 1558 656 1651 plantas
684 1555 790 1630 avide
817 1570 979 1650 expetat.
1034 1555 1216 1649 Optimum
1237 1571 1279 1626 au·

256 1674 333 1738 tem
360 1656 411 1730 est
436 1653 722 1744 experimentum
750 1653 959 1744 instituere,
990 1652 1135 1748 quando
1158 1653 1279 1726 saturata

256 1757 338 1832 sunt
364 1753 549 1841 animalia,
581 1772 658 1843 quae
684 1751 747 1824 vix
775 1774 930 1845 unquam
957 1753 1066 1846 plene
1096 1751 1276 1826 saturentur.

256 1855 391 1930 Herbe
426 1851 470 1924 de
506 1863 641 1923 caetero
678 1849 845 1924 manibus
876 1850 1084 1924 sudantibus
1123 1870 1193 1925 non
1221 1845 1277 1920 sunt

256 1949 469 2035 tradandae3
501 1968 582 2022 nam
621 1947 695 2042 hoc
722 1946 960 2040 panoniam
990 1949 1139 2041 optime
1165 1947 1196 2020 dr
1218 1944 1276 2037 sapi

257 2045 397 2125 disfimae
423 2048 467 2122 ab
493 2045 569 2120 aliis
594 2043 682 2138 saepe
705 2045 950 2137 repudiantur.
1001 2046 1073 2119 Sed
1097 2047 1193 2121 humi
1210 2045 1272 2139 plu·

257 2164 313 2224 tas
359 2147 519 2240 objicere
553 2155 729 2236 oportet,
760 2141 794 2216 &
838 2143 1002 2218 fastidite
1042 2165 1062 2218 a
1104 2141 1269 2226 nonnuliis,

256 2247 334 2322 aliis
372 2245 453 2319 sunt
483 2239 712 2316 admiscendae
749 2240 871 2315 herbis
905 2242 1054 2336 sapidis,
1081 2265 1158 2337 que
1183 2243 1274 2316 stunt

257 2347 366 2438 etjam
411 2341 655 2435 spernuntur,
704 2336 929 2432 perspicuum
975 2341 1150 2415 habemus
1198 2339 1276 2412 docu-

255 2455 442 2534 mentum,
477 2437 672 2532 praesertim
699 2436 726 2511 fi
750 2435 789 2512 iu
810 2437 958 2514 diversss
983 2438 1179 2516 individuis
1197 2431 1276 2514 herit

256 2541 440 2615 iteratum.

337 2793 374 2863 4.
415 2767 506 2847 Non
539 2770 634 2846 ultra
661 2773 801 2868 plantas
829 2771 996 2850 suecicae
1028 2774 1158 2872 scopus
1186 2766 1276 2849 nonu

255 2869 327 2950 sese
370 2870 556 2959 extendit,
606 2871 713 2967 idque
754 2876 803 2948 ob
842 2873 1110 2950 Oeconomiam
1154 2870 1276 2948 nourr

255 2969 463 3056 Suecicam3
489 2983 630 3042 ceteras
661 2985 789 3044 curent
822 2973 965 3063 exteri,
992 2973 1052 3066 qui
1087 2972 1175 3048 inde
1201 2983 1276 3064 pecu

254 3069 377 3142 liarem
421 3067 557 3140 habent
591 3068 813 3161 utilitatem,
856 3092 903 3143 ne
935 3091 1027 3164 opus
1052 3072 1162 3144 nobis
1193 3069 1223 3140 in
1243 3064 1275 3134 iu

254 3165 398 3242 finitum
430 3165 576 3238 crescat.
625 3165 810 3240 Possumus
841 3189 938 3242 nunc
971 3169 1066 3241 ultra
1094 3169 1177 3242 duo
1199 3159 1277 3239 milit

255 3265 504 3359 experimenta
531 3261 719 3338 certiffima
744 3265 936 3354 exhibere,
966 3287 1043 3359 quae
1064 3267 1154 3358 sepe
1176 3261 1277 3344 dedet

255 3365 368 3436 immo
409 3363 497 3455 saepe
541 3362 596 3434 bis
635 3362 754 3436 decies
800 3360 879 3436 sunt
918 3365 1062 3438 iterata.
1120 3363 1159 3436 Si
1190 3371 1277 3435 auten

254 3460 430 3533 sumamus
470 3458 681 3533 FLORAM
712 3459 970 3534 SUECICAM
1009 3462 1149 3536 Halmio
1182 3473 1276 3552 1745,

256 3558 290 3628 δι
328 3557 370 3627 ad
405 3557 602 3648 quamlibet
642 3559 813 3646 herbam,
865 3573 908 3632 ut
945 3559 1080 3634 chartae
1120 3571 1276 3654 pareatur,

253 3673 390 3763 nomen
430 3653 642 3744 adponimus
678 3656 914 3754 genericum,
962 3679 1152 3732 numerum
1193 3656 1276 3730 Flora

254 3751 433 3862 Suecrcae,
466 3751 501 3822 δι
528 3754 721 3846 epitheton
747 3755 926 3846 quoddam
949 3757 1035 3829 loco
1070 3750 1276 3834 differentia,

252 3862 443 3950 negotium
472 3849 511 3925 in
535 3852 793 3948 compendium
824 3853 931 3930 facile
960 3853 1137 3934 mittitur.
1290 3883 1291 3958 ᾗ

1138 4024 1170 4097 5.
1190 3995 1275 4080 nun
