2702 4792
197 291 220 357 4
416 257 730 358 oecononun
773 262 1020 343 unauna.

195 443 264 524 stat
293 446 409 527 Saros
445 439 649 533 proximum
696 443 844 536 Scllsto,
891 444 1038 516 tertium
1082 443 1248 517 Marmora

196 539 409 637 petrificatis
435 538 609 629 impleto,
650 557 812 630 quartum
838 541 969 615 iterum
992 544 1113 636 schisto
1139 543 1171 614 dt
1195 543 1247 629 in·

197 637 322 714 fimum
349 635 493 739 tandem
520 639 606 711 Cute.
641 631 693 728 b).
1253 665 1256 672 ·

202 885 205 896 .
266 827 461 904 TELLUS
489 830 714 919 habitabilis,
744 832 831 906 licet
861 833 968 905 variis
1000 831 1247 924 inaequalitati·

197 931 265 1006 bus
295 945 492 1016 excavata,
525 929 657 1018 ubique
691 946 811 1002 tamen
842 933 876 1004 in
908 928 1179 1023 comparatione
1204 927 1247 1000 ad

195 1049 321 1120 aquam
346 1028 512 1111 elevata,
540 1027 573 1096 dt
596 1049 666 1116 quo
694 1051 711 1098 a
736 1029 820 1102 utari
848 1029 1046 1114 remotior,
1074 1050 1120 1098 eo
1140 1027 1253 1116 etjam.

196 1129 409 1221 plerumque
449 1123 556 1194 altior
599 1125 738 1212 eristit;
785 1128 830 1200 stc
863 1149 958 1220 aque
985 1128 1021 1200 in
1058 1127 1147 1196 locis
1189 1125 1248 1193 de·

197 1222 422 1318 pressioribus
454 1243 527 1294 non
555 1220 759 1313 quiescunt,
808 1224 869 1298 nist
911 1225 1039 1296 altiora
1071 1227 1151 1294 loca
1190 1219 1249 1292 seu

198 1319 380 1429 obstacula
421 1317 640 1412 impediant,
679 1325 712 1393 dt
756 1325 852 1394 lacus
895 1338 956 1395 aut
995 1321 1138 1414 paludes
1176 1317 1249 1391 effi·
1294 1383 1298 1390 .

198 1434 307 1514 grant.

266 1609 412 1686 MARE
437 1611 690 1686 continentem
726 1610 860 1704 cingit,
893 1623 1103 1704 partemque
1132 1605 1251 1698 super·

181 1707 291 1797 *ficiei
315 1710 474 1784 Telluris
507 1711 691 1803 potiorem
720 1710 928 1788 constituit,
962 1710 1121 1781 docente
1146 1705 1249 1778 Geo-

198 1807 363 1906 graphia3
394 1807 505 1900 quid?
537 1807 632 1898 quod
657 1810 767 1900 longe
792 1809 962 1898 majorem
991 1822 1127 1899 partern
1151 1804 1249 1877 idem

198 1908 285 1980 olirn
313 1905 523 1998 occupasse,
552 1906 735 1978 inculcent
763 1925 877 1979 annua
904 1909 978 1997 ejus
1001 1907 1245 1988 decrementa,

196 2026 265 2078 nec
291 2025 366 2076 non
388 2003 516 2076 rudera
540 2001 743 2075 fluctuantis
767 2025 885 2096 aquae,
919 2003 1090 2091 conchae,
1123 1997 1245 2090 strata,

195 2101 365 2192 reliquiae.

196 2362 201 2380 .
266 2291 461 2372 LITORA
504 2295 634 2389 repleri
672 2292 789 2368 solent
815 2293 1035 2379 ⁴demortuis
1077 2293 1249 2378 Tedertis,

199 2391 426 2505 Lithopbytls,
448 2392 546 2467 Facis
564 2393 827 2486 nmilibusque,
856 2416 969 2486 quaee
992 2392 1076 2464 rnarl
1094 2403 1247 2483 quotan-

197 2494 252 2568 nis
279 2492 511 2584 rejtciuntur3
538 2493 765 2564 cumulantur
793 2491 918 2564 itidenr
947 2490 1089 2572 sabulo,
1123 2509 1245 2577 arena,

195 2591 345 2682 lapillis,
388 2587 604 2678 aliarumque
644 2609 760 2661 rerunr
801 2589 894 2660 lraud
931 2589 1128 2680 vulgarium
1158 2609 1249 2658 con·

196 2688 307 2792 gerie.
357 2683 418 2758 Fit
440 2707 605 2852 quodque,
629 2687 710 2756 dum
743 2708 863 2758 arnnes
886 2709 949 2778 per
974 2685 1134 2778 angustas
1157 2705 1247 2756 con·

196 2787 309 2858 valles
342 2781 538 2886 rapidiora
574 2783 799 2872 dilabuntur,
835 2797 874 2854 ut
903 2785 1015 2853 latera
1049 2779 1245 2871 arrodant,

196 2882 314 2978 fitque
347 2895 493 2953 corruat
527 2895 622 2952 terra
649 2880 796 2952 friabilis
831 2882 1041 2970 mollisque,
1075 2879 1247 2950 &ruinae

197 2979 239 3051 ab
274 2978 371 3072 aquis
405 2977 628 3050 deducantur
660 2978 702 3048 ad
735 2978 843 3049 litora
870 2975 979 3049 dissita
1011 2976 1045 3046 dt
1082 2975 1246 3064 sinuosa,

195 3077 292 3150 uode
316 3074 516 3149 subsidente
547 3074 654 3162 utari,
688 3075 942 3147 continentem
982 3089 1114 3147 terram
1149 3073 1248 3147 haud

195 3195 305 3269 parva
331 3173 555 3248 incrementa
580 3171 769 3261 soenerari,
796 3171 947 3248 constat.

196 3335 202 3372 ⁷
265 3361 478 3438 PLUVIAS
510 3377 640 3437 terram
667 3365 911 3440 hunreslantus
936 3365 1161 3458 suppeditant
1184 3385 1249 3438 ne·

195 3465 307 3553 bulte,
331 3485 373 3535 ex
392 3463 498 3538 maris
524 3461 740 3554 praesertim,
768 3467 866 3536 ut&
898 3487 1064 3556 aquarum
1095 3464 1249 3552 reliqua·

194 3585 295 3649 rum,
321 3582 389 3632 nec
422 3579 496 3632 non
529 3575 633 3631 terrae
663 3562 816 3634 hunridae
850 3563 1136 3634 exhalationibus
1169 3563 1249 3632 col-

194 3660 314 3746 leslae,
358 3659 465 3752 inque
499 3656 662 3730 inferiori
708 3661 947 3752 atmosphaerae
980 3657 1250 3826 regionedcosn-

200 3782 203 3788 ·
1148 3777 1191 3826 en
1209 3777 1249 3826 a·

199 3890 637 3910 ”nn—-

194 3947 594 4039 ssvumwffim
