2704 4790
421 183 461 280 :il
484 181 600 262 ΕΝ
622 181 642 256 l
666 175 718 263 A.
769 249 774 264 .
1045 209 1095 286 ῃ

52 383 233 472 muron
261 365 416 457 lrabeat,
441 364 501 438 seu
527 313 717 452 foramen,
741 361 841 458 quod
869 361 923 438 eo
941 365 1092 459 punilut

48 475 118 550 lnrn
153 466 377 560 prominens,
409 461 657 558 perforatum,
692 475 734 536 ut
768 463 806 536 in
836 461 928 538 vivo
964 485 1091 540 verme

49 568 267 664 cplinoncun
296 564 352 642 slt.
407 563 481 658 Fu.
503 581 537 636 1.
571 585 601 636 c.

74 801 79 816 ’
119 783 225 856 lorus
261 781 347 857 dum
393 782 454 856 hic
497 777 570 872 ipsc
607 778 743 852 vermis
779 777 880 872 super
914 803 1091 878 papyrum

55 883 163 959 siccam
194 881 411 975 conjicitur,
438 878 548 952 variis
576 877 668 948 locis
702 875 948 970 adglutinatur
972 884 1010 956 oc
1030 885 1092 958 ad.

51 978 214 1065 lraercscit,
261 980 344 1063 dum
378 993 480 1070 repat
515 974 611 1048 &se
645 975 838 1062 extendat,
877 977 962 1052 hinc
996 995 1089 1056 atte-
1122 1045 1125 1054 ,

50 1093 167 1161 nuatur
193 1077 231 1152 oc
270 1079 484 1172 elongatur,
520 1075 635 1154 itaut
660 1073 823 1162 articuli,
851 1075 937 1152 aliar
959 1081 1088 1170 orati,

51 1175 83 1249 o
117 1175 198 1272 supe
238 1173 426 1248 crailitiern
472 1191 598 1266 penno
646 1169 901 1268 adtingentes,
946 1177 1091 1268 pollicir

49 1271 299 1370 longitudinem
327 1285 470 1364 aequent
493 1267 706 1357 informet,
747 1285 823 1342 turn
852 1271 960 1344 etiam
984 1275 1091 1367 juxta

51 1371 204 1452 articulos
235 1370 465 1462 separentur,
511 1365 763 1442 secedentibus
797 1388 817 1440 a
852 1367 887 1440 se
928 1369 1090 1452 invicem

56 1468 205 1548 voculis.
264 1467 378 1546 Dum·
404 1482 525 1540 autern
568 1463 605 1538 hi
647 1464 698 1536 ita
736 1464 884 1558 separati
921 1469 1092 1564 articuli,

58 1565 164 1658 tepidae
202 1565 417 1660 injiciuntur
461 1583 580 1658 aquae,
621 1561 799 1650 uiuunt,¹
822 1579 1021 1642 moventur
1055 1571 1126 1646 δι’

53 1665 222 1754 paulullurn
255 1679 411 1758 repunt,
448 1661 482 1734 δε
514 1661 673 1758 priorem
713 1660 806 1736 suam
859 1663 967 1740 etiam
998 1669 1091 1742 reci·

51 1760 140 1852 piunt
180 1761 360 1851 formato,
409 1758 530 1834 semini
555 1755 694 1836 ,cardui
740 1757 974 1850 simillimam,
1016 1787 1090 1860 quo

50 1857 115 1952 ipso
136 1859 384 1954 ape'rtiffinrunr
412 1855 484 1944 est,
508 1857 605 1930 hunc
633 1875 795 1936 vermem
825 1878 888 1950 pet
916 1861 1091 1940 articulos
1159 1949 1162 1956 ,

51 1953 122 2036 suos
160 1957 412 2054 multiplicari,
460 1955 544 2030 dum
578 1973 597 2032 a
629 1951 665 2029 sc
696 1951 858 2031 invicem
883 1955 1090 2052 separantur

52 2055 190 2135 articuli.

110 2270 274 2348 Osculum
313 2269 418 2362 huius
451 2267 587 2342 vermis
618 2267 655 2344 in
691 2267 812 2352 modio
848 2273 997 2354 alterins
1030 2299 1094 2360 au.

54 2369 113 2464 guli
148 2370 204 2444 ieu
242 2371 414 2466 norginlc
451 2366 607 2462 postttnn
650 2367 721 2452 olio
761 2368 942 2461 diximus,
995 2377 1091 2454 circa

54 2467 291 2558 annoniaco
328 2466 594 2546 observandum
630 2465 703 2554 ost,
736 2487 811 2551 non
843 2489 972 2547 omnes
1003 2475 1091 2554 arti·

56 2567 141 2640 tulos
175 2567 212 2642 in
245 2588 322 2640 uno
361 2567 564 2656 eodemque
593 2565 713 2638 latere
738 2585 782 2637 os
812 2563 909 2640 suum
938 2567 1086 2664 habere,

56 2661 103 2734 iel
129 2665 302 2740 alternare
331 2665 452 2758 saepius
488 2662 559 2749 ita,
597 2677 639 2735 ut
671 2663 754 2743 doun
788 2684 881 2737 unus
914 2669 1091 2743 articulus

58 2759 137 2836 ilum
162 2764 296 2838 lrabeat
324 2783 367 2835 oa
394 2783 414 2834 a
436 2763 551 2834 latere
574 2759 743 2856 marginis
768 2759 933 2854 sinistro,
963 2765 1085 2842 secun·

64 2855 154 2939 ilat
182 2862 337 2952 dextro,
369 2860 500 2940 tcrtius
532 2857 739 2951 afinistro,
773 2874 918 2953 quartus
953 2864 1087 2940 iteruin

63 2956 229 3050 adertro,
257 2957 292 3034 or
318 2957 365 3044 iic
394 2957 578 3049 deinceps·
628 2955 719 3038 Non
754 2969 875 3040 tamen
909 2981 975 3052 pro
1007 2965 1092 3058 logo

61 3052 195 3130 absoluta
230 3057 309 3130 baec
341 3049 537 3130 altornatio
569 3051 772 3128 osculorum
801 3053 1087 3150 ailumendaest,

60 3147 210 3242 inploro
238 3155 337 3232 onim
365 3151 693 3242 inveniuntur,
726 3165 882 3242 quatuor
910 3156 970 3228 vel
991 3161 1092 3250 quin-

62 3265 114 3336 que
135 3253 325 3340 articulos,
355 3273 466 3326 ununr
503 3249 583 3344 post
607 3251 787 3338 alterum,
814 3251 947 3325 habere
983 3275 1026 3330 os
1052 3257 1097 3336 iu'

65 3359 120 3415 nno
141 3351 338 3444 eodemque
370 3351 505 3436 latere,
530 3362 731 3444 *antequam
761 3347 904 3422 unicus¹
921 3351 1091 3442 existeret

66 3444 226 3548 articulus,
253 3448 313 3550 qui
337 3469 380 3532 oa
408 3447 588 3545 proferret
623 3446 785 3530 clarere
817 3448 949 3526 altero.

121 3669 241 3747 Vernos
280 3675 476 3751 ciculum·
514 3671 604 3747 nihil
642 3672 737 3756 tliurl
779 3671 860 3748 nuc
893 3697 999 3766 onaan
1034 3703 1089 3756 ar.

62 3757 142 3846 tituli
172 3791 217 3849 ex
248 3771 323 3850 hoe'
355 3792 500 3869 venne,
535 3769 648 3850 modo
677 3769 778 3874 supra
812 3775 1004 3858 nominato
1038 3779 1097 3852 se·'

956 3879 1089 3976 parati,
