2628 4798
234 217 235 222 '
261 209 336 295 298
518 191 714 278 sutrium
753 187 1065 276 Muscouunt:

260 374 539 470 Cotysednnea,
577 377 831 471 quintinum
867 380 1059 454 humorem
1091 377 1210 471 plante
1234 377 1273 450 ti·

259 477 370 560 dant,
406 476 573 566 illamque
610 476 654 548 ab
686 477 824 564 iniuriis
864 479 957 552 airis
998 477 1205 559 defenderim
1233 473 1269 547 sic

259 572 507 664 cotyledonea
540 595 587 648 nc
618 575 800 663 arescant,
835 575 948 650 solida
983 576 1078 648 texit
1111 573 1264 647 mentm

258 672 415 762 summus
444 671 476 744 ut
502 671 790 762 prudentissimus
813 674 960 768 Opiscx.
1019 673 1110 746 Hac
1136 671 1266 744 sentenu

257 768 297 942 ifn
326 769 442 843 caussa
471 769 566 862 fuit,
601 770 700 864 quod
730 769 867 847 semina
896 773 937 847 in
968 769 1105 846 Muscis
1131 767 1199 844 visa
1222 785 1272 846 not

279 882 410 942 uernat.
567 927 570 934 .
1029 904 1031 907 ·

329 1101 444 1179 Musei
476 1124 606 1180 omnes
640 1105 792 1182 eandem
824 1104 963 1180 babent
983 1104 1228 1199 proprietatem
1246 1119 1273 1174 ac

258 1203 459 1288 Anniiatica
487 1204 512 1276 s.
543 1205 632 1298 Rufii
657 1199 697 1278 'de
728 1206 904 1292 Hiericho,
934 1204 1032 1297 quod
1071 1221 1274 1296 nemptcou·

258 1303 483 1398 stringuntur
523 1323 606 1378 cum
644 1300 827 1391 arescant,
868 1324 973 1396 quarn
1006 1302 1157 1394 primunr
1188 1313 1274 1372 anteo

260 1423 350 1494 aqua
389 1397 632 1492 imbuuntur,
681 1400 799 1476 statim
852 1397 1133 1493 expanduntur3
1186 1391 1274 1493 Quid?

259 1499 381 1592 quod,
408 1497 529 1572 aestate
554 1499 642 1572 licet
662 1499 778 1572 Musei
807 1497 990 1589 arescant,
1014 1495 1221 1571 revirescunt
1238 1505 1272 1563 tt·

113 1675 115 1680 ,
258 1617 367 1685 men,
414 1595 664 1686 reviviscunt,
714 1597 973 1688 crescuntque,
1017 1615 1122 1683 quarn
1162 1593 1273 1690 primun

259 1695 397 1785 imber,
430 1694 491 1768 vel
523 1693 691 1770 humidus
729 1713 948 1784 autumnus,
986 1693 1170 1790 gelidaque
1194 1689 1270 1764 hient

257 1791 414 1883 instant,
447 1814 552 1886 quam
584 1795 632 1866 ob
670 1792 823 1868 caussam
868 1792 1003 1866 merito
1036 1793 1142 1866 =inter
1171 1789 1270 1864 Plartu

258 1889 433 1964 hiemales
482 1893 532 1964 ab'
572 1891 778 1964 auctoribus
826 1901 1078 1966 numerantur.
1138 1885 1269 1990 Omnibus

258 1988 453 2063 seminibus
487 1988 606 2080 infirnt
632 1988 886 2081 Embryoncs,
918 1987 1105 2076 Plumusa,
1130 1984 1183 2060 scu
1205 1979 1267 2088 uti}b

257 2108 316 2162 nra
341 2091 464 2182 planta
494 2087 532 2162 in
561 2088 781 2179 compendio
807 2085 870 2182 (§.
897 2080 987 2176 Χ.),
1014 2087 1068 2160 ita
1098 2099 1139 2160 ut
1160 2080 1261 2158 uteru

259 2183 335 2260 Ovi
373 2187 411 2260 in
445 2186 597 2259 corcuso
630 2183 822 2273 conststat3
864 2185 1009 2277 reliquae
1044 2199 1164 2260 autem
1190 2187 1263 2274 pata

258 2284 425 2368 seminis,
455 2281 672 2357 adminicula
703 2297 846 2358 tantum
879 2283 982 2370 sunt,
1020 2303 1100 2377 quae
1133 2273 1267 2356 corculus

257 2383 499 2468 conservant,
524 2380 740 2473 succumque
764 2381 815 2453 ilii
842 2401 886 2454 ex
916 2379 1026 2454 initio
1049 2389 1183 2474 parant.
1211 2369 1269 2479 Cum

255 2479 367 2556 musci
406 2478 569 2552 siccitate
607 2502 683 2554 non
717 2477 965 2568 emoriantur,
995 2478 1170 2572 siquidem
1189 2469 1267 2574 adu·

256 2575 479 2651 staurandam
516 2574 612 2652 suam
645 2578 784 2664 vitam,
818 2576 1008 2650 humorem
1034 2589 1175 2655 tuntum
1193 2583 1270 2658 stim·

255 2691 365 2761 runt,
398 2694 492 2767 opus
527 2695 605 2748 non
637 2673 707 2747 fuit
739 2675 886 2748 Summo
915 2671 1084 2747 Creatori
1117 2661 1269 2764 Cotyltdu

256 2773 363 2848 nibus
390 2773 472 2843 iilos
499 2771 695 2862 instruere;
733 2794 851 2865 neque
873 2771 1006 2846 tunicis
1036 2770 1198 2850 seminum
1215 2778 1268 2873 95⁰5

253 2871 341 2966 priis
370 2869 581 2965 indiguere,
613 2893 719 2961 cum,
753 2884 795 2944 ut
820 2885 927 2943 antea
952 2868 1085 2944 dicium
1113 2865 1178 2958 est,
1201 2855 1270 2934 anit·

253 2983 311 3043 tas
356 2969 444 3042 nihii
489 2967 702 3044 detrimenti
740 2957 794 3040 'iis
840 2967 971 3042 efferre
1006 2965 1125 3061 possit.
1180 2962 1270 3038 Sani!

90 3074 95 3082 '
251 3067 377 3160 itaque
406 3066 631 3148 muscorurn,
668 3083 838 3159 tanquam
873 3062 1024 3140 NUDA
1054 3049 1268 3140 CORCULAr

253 3167 330 3242 fine
371 3164 690 3258 Cotyledonibue,
734 3165 808 3240 sinc
854 3161 1032 3257 Tunicir,
1075 3163 1187 3238 animo
1212 3167 1269 3229 wi·

257 3263 425 3360 cipienda
461 3262 555 3360 sunt.
937 3333 947 3346 .,
1000 3310 1003 3318 ‹

331 3502 445 3597 Quod
483 3522 575 3576 vero
614 3517 674 3572 res
715 3498 765 3572 ita
800 3498 836 3572 se
875 3495 1031 3585 habeat,
1072 3497 1108 3572 id
1138 3515 1178 3569 ex
1207 3483 1267 3562 ditio

255 3599 476 3697 Lycopodio
507 3599 564 3695 (§.
594 3589 725 3688 vsi),
751 3598 966 3691 reliquisque
989 3597 1125 3670 Muscia
1152 3587 1268 3692 lucttleu·

255 3716 316 3778 ter
358 3697 633 3772 demonstratur.
713 3695 798 3772 Flos
844 3710 965 3770 autern
1013 3693 1160 3768 obscure
1196 3681 1267 3760 nobu

256 3797 477 3900 percipitur,
501 3818 584 3874 curn
603 3793 743 3873 nullum
770 3798 924 3892 Stysron,
952 3794 1155 3890 nullumque
1164 3787 1268 3962 11ξὶαέ
