2604 4788
243 273 317 346 204
531 273 535 282 ·
593 239 701 320 PAN
746 237 951 318 SUECUS.

241 440 314 511 lam
345 420 494 504 PANIS
531 421 729 498 SUECICI
761 423 875 496 titulo
903 419 1076 518 inlignire
1104 418 1268 513 eudemum

244 552 319 628 quo
363 525 563 601 indicamus
600 524 756 615 quinque
797 519 891 615 apud
937 542 1008 595 nos
1059 519 1268 596 communiter

243 624 456 708 Domestica
484 620 762 716 Quadrupedia‚
792 639 870 712 que
893 618 963 692 illis
990 617 1178 713 pascuntur
1198 619 1264 712 plau

244 731 318 818 tis,
344 745 422 818 quae
454 741 519 814 per
551 719 715 813 Regnum
747 717 886 790 Sueeiae
914 717 1101 807 crescunt,
1140 715 1265 807 adeoque

251 830 359 905 Panis
393 824 567 892 exercitum
603 817 830 912 inhospitalem
863 831 920 910 pes
948 815 1054 889 mora
1084 819 1199 890 Succic
1216 830 1269 908 pre

248 930 387 1002 vineias.
451 913 603 988 Evitare
637 913 712 986 hoc
750 912 865 987 modo
902 912 1088 987 voluimus
1130 911 1271 1008 prolixam

248 1019 525 1101 definitionem,
566 1033 643 1105 quae
676 1013 815 1102 semper
855 1007 908 1086 est
947 1010 1097 1104 odiosa,
1130 1010 1191 1086 ubi
1215 1001 1274 1082 libri

249 1116 435 1216 cuiusdam
467 1110 618 1186 situlum
650 1107 873 1204 indigitabit.

328 1392 362 1442 2.
387 1365 479 1440 Vita
502 1359 689 1460 pastoritia
716 1358 768 1438 est
797 1363 965 1458 quidem,
990 1363 1084 1441 teste
1115 1380 1187 1442 tam
1207 1363 1275 1442 sacre

251 1489 356 1565 quam
379 1464 530 1560 profana
556 1461 726 1552 historia,
760 1465 976 1537 mortalibus
1012 1466 1132 1540 ferme
1161 1483 1275 1556 eoem,

252 1567 344 1642 adeo
375 1577 416 1635 ut
443 1562 600 1634 libenter
625 1559 742 1648 hanc,
771 1581 876 1654 quam
902 1560 1085 1656 profiteor
1107 1563 1274 1650 scientim,

253 1662 454 1738 derivarem
497 1659 541 1730 ab
587 1655 832 1749 antiquiffrmis
873 1661 1127 1756 temporibus3
1159 1659 1211 1735 sed
1231 1655 1274 1734 em

251 1763 387 1838 Plantae
424 1757 587 1830 omnium
626 1756 743 1828 oculis
788 1755 925 1830 fuerint
970 1761 1167 1853 expofitae,
1199 1755 1275 1832 fateri

252 1875 375 1934 tamen
406 1863 547 1950 cogos',
574 1853 611 1927 in
636 1851 795 1927 scientiis
827 1871 914 1928 ante
941 1856 1014 1931 hoc
1045 1872 1189 1953 tempus
1214 1853 1274 1930 nihil

255 1959 301 2032 de
326 1955 387 2029 esu
417 1955 619 2049 plantarum
654 1953 850 2045 pecoribus
881 1955 1032 2050 proprio
1060 1967 1133 2031 nos
1155 1956 1273 2040 habetet

254 2055 417 2147 adeoque
452 2065 575 2124 certus
612 2049 685 2124 sum
717 2053 889 2126 cramben
926 2054 982 2127 bis
1021 2053 1167 2131 oodlam
1197 2069 1270 2126 soe

254 2176 332 2232 non
363 2150 541 2262 proponi,
574 2147 633 2221 sed
660 2147 967 2264 prorsusnnouam
990 2151 1192 2230 seientiam·
1226 2149 1269 2223 Pri·

253 2247 976 2426 ‘etl‘atlttlllcrediderit
1001 2248 1276 2445 cllllnl‘l

253 2450 306 2526 ste
336 2447 436 2521 Flos.
468 2444 581 2537 Lapp.
620 2465 803 2540 pag.159.
828 2445 889 2518 ubi
920 2447 998 2524 hacc
1024 2448 1203 2524 habentur
1222 2463 1277 2518 ves·

255 2550 321 2624 ba:
369 2548 449 2616 Cum
486 2551 522 2616 in
556 2549 670 2616 itinere
705 2543 934 2634 Dalekarlico,
970 2549 1100 2645 alpibus
1124 2547 1277 2645 superstit»

254 2653 293 2723 in
327 2643 533 2735 Norucgiam
557 2647 821 2736 perveniremus,
859 2647 925 2718 alte
963 2649 1193 2721 dormientibus
1218 2637 1275 2740 leffe

243 2747 367 2842 sociis,
400 2741 607 2814 obambulans
639 2745 675 2812 in
711 2741 797 2834 tristi
818 2742 943 2836 sylva,
970 2748 1180 2821 udomebaer
1207 2746 1277 2838 din

255 2844 371 2938 Equos
411 2839 603 2932 distinguere
641 2833 725 2934 poffe
763 2843 916 2914 alimenta
944 2843 1097 2941 salubria
1129 2869 1151 2918 a
1181 2843 1277 2916 malit·

254 2941 548 3035 ingerebantenim
573 2935 722 3027 famelici
746 2961 852 3011 omncs
874 2939 946 3032 fine
972 2944 1156 3036 discrimine
1175 2941 1276 3018 berbm

255 3043 395 3117 intaelas
427 3037 553 3108 omnlino
584 3039 818 3128 relinquentes:
850 3037 1085 3134 dilmmdulam
1111 3060 1206 3132 405,
1236 3033 1278 3106 Vs·

256 3143 413 3214 brionam
435 3154 502 3226 30,
531 3135 771 3206 Convallariam
794 3156 877 3226 213.
904 3138 1101 3232 Angelicam
1122 3159 1202 3234 233.
1227 3133 1281 3226 en

258 3240 374 3312 lobium
396 3254 478 3324 304.
516 3233 685 3303 Camarum
709 3255 793 3321 4²²·
833 3235 1010 3310 Geraniurn
1032 3259 1117 3330 572.
1163 3233 1281 3312 Helbe-

256 3359 329 3406 rum
358 3353 443 3424 474.
479 3327 659 3402 Aconisum
683 3353 766 3419 441.
795 3333 838 3418 ἐφ’
862 3339 976 3408 uarias
998 3333 1157 3428 frutices.
1207 3329 1280 3406 Dedi

259 3436 315 3510 bac
345 3431 473 3522 ansam,
518 3442 555 3499 ut
594 3430 714 3523 cerrima
755 3453 861 3502 rerum
900 3438 1100 3508 notwalium
1132 3425 1280 3531 smuttltl'

259 3530 508 3603 commendemus
536 3527 772 3622 obserrutioucs
804 3529 1018 3621 instituendas
1049 3538 1139 3606 cirea
1160 3535 1280 3628 plantas,

259 3648 327 3722 que
345 3627 470 3718 scilicet
497 3627 537 3696 ab
563 3627 757 3697 animalibus
786 3627 1000 3718 Plcytiuosis,
1028 3645 1066 3704 ut
1088 3633 1200 3716 Boos,
1223 3627 1281 3702 Oet

261 3729 389 3821 Cama,
415 3724 538 3806 Cerva,
571 3722 686 3815 Equo,
722 3726 805 3810 Sue,
843 3729 966 3816 Simia,
995 3751 1162 3825 earumque
1189 3725 1283 3821 Spelit·

260 3826 340 3914 bus,
362 3843 429 3898 nan
458 3821 673 3908 moerentem,
702 3825 785 3917 quod
814 3829 877 3897 rite
909 3828 1111 3924 obfirmatum
1129 3828 1196 3925 sua
1218 3819 1281 3894 mil·

1236 3925 1282 3991 tell
