2628 4798
264 313 336 388 292
522 284 718 364 SEMINA
753 277 1061 366 MUSCORUM.

266 483 344 556 turn
375 468 418 542 lit
445 464 593 540 semen?
647 466 798 540 Numne
838 467 952 541 Musei
983 487 1030 540 ert
1066 467 1171 541 hacce
1197 465 1266 540 farn

268 566 475 642 excrescere
500 564 671 655 pollent?
730 563 777 635 Et
805 587 950 639 numne
1000 569 1127 650 Stella,
1166 565 1265 658 quasit

270 669 459 756 Polytriclro
489 665 604 734 oculis
635 661 841 750 cernimus,
866 655 1029 737 subtilius
1067 661 1179 736 semen
1206 663 1265 734 edu

266 759 438 860 pulsent?
487 759 559 829 Alii
590 776 731 838 autem.
759 761 817 851 qui
841 760 1015 848 farinam,
1043 761 1197 853 capitulis
1216 758 1269 828 lrilu

267 858 460 944 inclusam,
509 856 635 932 Pollen
684 855 755 928 elic
799 857 1034 947 diditavere,
1082 855 1273 930 existimarunt

267 960 356 1030 illud
394 959 429 1028 in
460 952 562 1028 Folia
603 956 790 1042 incidere,
831 958 960 1050 illaque
996 956 1200 1038 fecundam
1229 971 1275 1042 qut

267 1079 351 1142 res,
391 1056 583 1128 maximum
620 1055 706 1126 milri
744 1052 945 1145 scrupulum
989 1055 1139 1146 iniecit,
1175 1047 1278 1124 cunin

270 1167 352 1226 tota
387 1151 523 1265 reliqua
563 1167 691 1226 natura
722 1153 914 1250 analogum
947 1153 1128 1250 quoddam
1162 1171 1225 1224 non
1247 1145 1278 1219 ln

269 1271 449 1326 venerim.

348 1485 586 1572 Naeuianus,
624 1485 661 1560 in
693 1482 1010 1560 observationibus
1044 1481 1113 1560 suia
1136 1476 1277 1560 minusca

271 1585 385 1682 picis,
426 1605 540 1670 nuper
582 1585 843 1658 demonstrauit
898 1584 1168 1677 absolutumque
1208 1573 1276 1653 nuli

273 1681 374 1756 dedit
406 1679 653 1756 characterem
689 1679 920 1757 POLLINIS
955 1683 1197 1763 anthemum
1216 1669 1277 1767 quod

272 1801 403 1869 nempe
434 1781 469 1850 in
502 1783 735 1870 appropriato
762 1787 901 1876 liquore,
936 1781 992 1852 seu
1024 1801 1136 1874 aqua,
1167 1769 1275 1856 diuliat,

275 1877 544 1951 &tenuiorem
580 1877 874 1970 subtilioremque
910 1877 1098 1951 ell'entiam
1138 1869 1275 1968 emlnlul

275 1990 470 2068 quaecerte
490 1976 547 2046 illa
565 1975 638 2064 est,
667 1977 763 2051 unde
783 1977 912 2049 Piliilla
930 1976 1179 2050 fecundentur.
1210 1967 1273 2042 Alli

273 2089 317 2148 ut
353 2074 454 2146 omni
492 2073 641 2166 pollini,
688 2075 887 2148 multitudo
926 2071 1111 2163 materiae,
1156 2061 1268 2172 quaint

276 2172 414 2262 capsula
454 2173 601 2264 quadam
642 2172 747 2258 iniit,
788 2193 894 2265 quarn
930 2171 1051 2262 efflat,
1098 2170 1132 2242 dr
1168 2171 1267 2261 quali

276 2271 414 2344 subtilis
441 2268 513 2354 est,
547 2284 588 2341 ut
614 2273 730 2342 oculis
756 2270 901 2343 annatis
929 2271 1029 2342 cerni
1061 2291 1136 2344 nou
1155 2267 1269 2350 duull

275 2369 389 2441 tuerit
415 2364 586 2440 distincte.
640 2368 853 2458 Plerumque
879 2383 1000 2443 tamen
1029 2368 1196 2462 liquorem
1216 2357 1273 2428 illl

275 2465 387 2560 tingit
411 2465 559 2553 Pollen,
583 2467 706 2558 inquo
729 2465 961 2562 diffringitur.
1000 2459 1273 2548 Novimusenu

277 2563 369 2636 duce
392 2562 615 2651 experientia
637 2564 869 2653 quotidiana,
893 2585 1004 2638 omne
1020 2564 1147 2636 Pollcn
1166 2555 1276 2632 anthen-

276 2681 382 2744 rum,
422 2679 503 2729 cum
525 2661 665 2754 allamma
694 2663 851 2733 candelae
883 2660 1119 2755 inspergitur,
1139 2657 1276 2756 fulguru

278 2779 310 2833 e.
342 2778 394 2849 gr.
459 2754 603 2828 Semina
635 2758 713 2852 (ilc
750 2759 903 2832 officinis
948 2753 1069 2848 dicta)
1106 2747 1275 2852 Lycopodiu

277 2878 354 2946 quae
388 2868 509 2925 tamen
544 2878 668 2946 purum
706 2856 893 2948 &purum
932 2856 1011 2930 sunt
1042 2855 1176 2930 Pollen.
1222 2843 1276 2916 cm

277 2972 371 3024 vero
402 2967 485 3023 tota
516 2951 572 3022 illa
602 2955 849 3045 fanumque
880 2955 1029 3028 vasculis
1068 2952 1155 3028 inest
1188 2939 1277 3022 multu

278 3073 380 3138 rum,
409 3048 508 3138 supra
536 3051 713 3124 flammam
739 3047 883 3124 demilia
914 3052 1140 3142 uniuersa,
1170 3047 1276 3138 fulguret

279 3149 314 3220 dt
341 3149 376 3220 in
403 3169 488 3238 aqua
518 3149 674 3236 dissiliat,
713 3150 909 3222 ncccllario
945 3150 1103 3240 sequitur
1135 3149 1214 3220 iilam
1236 3131 1276 3206 iffi

277 3243 403 3319 Pollen
446 3248 698 3330 anthemium,
743 3247 794 3318 ita
837 3262 878 3320 ut
921 3248 1061 3319 vascula
1103 3247 1135 3320 ἃ
1171 3235 1277 3332 cupillffl

278 3345 421 3426 haecce,
453 3364 529 3434 quae
560 3348 731 3417 omnibus
755 3344 890 3419 Mul'cis
920 3345 1098 3438 inlideot,
1129 3361 1218 3418 mera
1237 3331 1275 3406 lu

280 3445 451 3513 antherae.

355 3666 455 3762 Ergo
486 3669 598 3743 Musei
635 3691 751 3764 neque
784 3673 1028 3751 Perianthium
1054 3678 1215 3775 (excepto
1236 3663 1277 3752 Ll-

280 3761 484 3856 copodo),
512 3791 627 3859 neque
659 3772 897 3848 Filamentum
926 3779 1082 3867 habent,
1109 3775 1161 3850 sed
1183 3761 1276 3843 dulit

278 3885 354 3940 rau
381 3864 501 3956 ruam,
533 3888 631 3960 qua,
659 3870 696 3944 in
721 3873 865 3966 muns,
891 3875 1078 3970 upercuo
1104 3868 1276 4032 acal&
