2560 4778
65 163 242 276 nurum
259 189 497 274 naamam
526 187 889 273 neceasmnrn
941 211 1028 288 on

17 377 261 452 iMedieorum
282 377 429 468 Patren,
442 373 566 476 'passim
581 377 619 452 in
639 374 778 472 scriptia
802 371 892 465 soie,
914 370 1015 448 uaria

17 499 26 550 ι
45 476 165 550 itinera
191 477 396 570 loquuntur
418 475 452 549 δι
474 477 649 570 produnt.
1022 499 1028 509 ·

41 771 338 850 ACADEMIAE
357 773 394 850 in
413 773 511 850 hunc
531 771 640 848 sinen
659 771 949 864 instituentem,
972 789 1017 852 ut
1074 847 1081 860 ,

17 869 42 942 iri
64 871 220 946 inomni
243 872 464 947 eruditionis
492 893 625 967 genere
648 871 762 964 probe
787 871 939 962 uersati,
973 895 1029 950 ao·

17 967 99 1061 super
116 990 237 1046 rerum
261 971 478 1064 locupletati
496 969 735 1063 experientia,
756 968 841 1044 illue
858 993 1028 1048 evocem·

17 1088 50 1152 ιτς
76 1067 167 1140 &ut
189 1067 421 1144 scientiarum
445 1067 549 1142 avida
568 1069 743 1161 juventur
769 1067 812 1144 ad
835 1069 898 1142 haa
919 1068 1029 1146 sedea·

17 1165 141 1252 influat,
167 1168 204 1242 in
229 1169 359 1262 quibus
377 1169 421 1238 ab
438 1164 663 1258 experientia
684 1185 761 1240 noo
779 1163 898 1241 minu'a
914 1183 1030 1262 quana·

17 1263 163 1338 editione
197 1261 442 1339 Professorum
475 1261 667 1356 proficiat,
694 1285 786 1357 quaa
815 1264 944 1352 dotet,
980 1267 1029 1342 in:
1179 1267 1184 1274 “

17 1359 181 1434 nitoribus
223 1363 317 1451 suis,
365 1361 608 1454 pulcherrimo
652 1360 788 1454 semper
832 1364 1020 1438 connubio

19 1457 117 1544 urias,
146 1482 209 1552 par
233 1460 287 1534 est
313 1475 354 1534 ut
379 1458 542 1553 suspiciat
570 1479 611 1532 ec
636 1475 846 1534 veneretur.
1025 1465 1029 1474 '

45 1555 93 1628 Ad
110 1559 326 1633 Academiae
353 1557 449 1631 vasta
475 1577 518 1630 ec
536 1556 713 1630 sumtuose
743 1557 918 1632 Librarum
945 1557 1023 1654 sup·

17 1651 152 1729 ettettiua
173 1659 408 1743 conduntur,
429 1653 466 1730 in
488 1655 618 1747 quibua
640 1653 835 1728 obseruata
854 1655 1024 1732 Erudito·

17 1769 71 1832 un.
90 1767 270 1845 tamquam
289 1753 448 1827 totidem
470 1773 597 1826 eorum
615 1753 734 1848 legata
751 1775 795 1826 ae
810 1751 1024 1832 testamenta

17 1843 206 1942 seruantur,
229 1867 275 1928 ut
293 1853 351 1945 qui
369 1849 485 1924 literis
502 1847 660 1924 fideliter
684 1871 839 1943 operam
864 1864 1032 1944 navant..
1169 1913 1173 1920 .

17 1945 179 2024 reditionis
204 1947 435 2044 experientia
468 1943 576 2022 etiam
608 1949 761 2021 exculte
787 1970 829 2022 ac
851 1947 1024 2038 firmate,

18 2038 159 2121 eduntur
174 2061 395 2141 compotes,
408 2069 485 2140 que
505 2047 541 2120 in
562 2045 715 2138 pubiieir
728 2047 822 2120 hisce
843 2047 1034 2142 sapientire·

17 2133 117 2216 ineius
138 2145 377 2236 reconditur,
401 2145 584 2272 &perinde
602 2143 710 2220 bonia
731 2144 906 2241 ingeniis,
935 2161 1026 2223 tam·

17 2253 77 2320 uam
100 2247 247 2318 venales
273 2265 434 2330 mercen,
458 2240 657 2332 usurpanda
679 2243 886 2336 exponitur.

57 2333 158 2416 Etiam
185 2344 383 2436 Nosoceaniu
410 2338 653 2428 instruuntur,
678 2353 720 2412 ut
745 2339 858 2414 futuri
880 2339 1035 2436 Medin'u

17 2427 36 2498 td
54 2433 165 2512 lcitum
191 2442 279 2536 aegri
304 2457 346 2513 ea
369 2435 527 2525 discant,
551 2457 628 2530 que
655 2457 700 2512 ex
724 2437 826 2514 libna
851 2437 936 2512 disci
963 2461 1028 2514 ne·

17 2546 128 2624 uenum
157 2539 218 2613 usu
243 2539 375 2632 quippe
398 2557 439 2610 ac
464 2533 699 2630 Experieotia
721 2557 786 2630 per
810 2535 1026 2636 autopsam‘,

17 2623 195 2710 'rmanuum
222 2635 505 2732 applicationem
533 2631 720 2708 exserente
750 2633 833 2706 heic
871 2634 948 2710 suaa
974 2638 1029 2710 vi·

17 2741 64 2807 θη
88 2729 171 2806 fient
191 2736 356 2830 omnium
385 2729 644 2806 accuratisiime
669 2730 760 2804 certi
787 2732 936 2824 alieuius
963 2735 1041 2808 hoa

17 2819 82 2894 ainis
101 2833 267 2922 exprimit
290 2833 534 2918 lineamenta,
553 2828 612 2920 qui
639 2849 713 2902 non
736 2849 783 2901 ex
803 2831 954 2906 aliorum
974 2829 1040 2906 re.

17 2917 132 3014 atione,
158 2929 215 3003 sed
242 2953 288 3006 ear
315 2931 396 3018 iiie,
423 2947 526 3022 qoam
552 2945 616 3018 per
646 2923 729 3000 soor
752 2928 883 3002 oculos
906 2932 1030 3005 animo

17 3021 141 3106 opressit
162 3029 267 3113 idea,
293 3027 477 3102 hominem
501 3023 675 3116 depingit.

62 3117 193 3199 Theatra
231 3125 431 3200 Anutomatu
461 3119 739 3210 construuntur,
774 3135 818 3196 ut
846 3123 883 3197 in
909 3123 1032 3200 alieno

17 3227 151 3308 erpere,
167 3239 349 3320 tunquam
368 3221 405 3295 in
423 3220 591 3314 speculo,
612 3217 778 3294 nostrum
790 3241 923 3314 corpas
938 3223 1032 3316 ejur-

17 3323 54 3390 ue
82 3313 283 3396 sirutiuram
315 3308 542 3405 intueantura
564 3317 655 3390 sicut
684 3329 883 3407 terrarum,
910 3321 1032 3420 tegio·

17 3421 87 3494 Μ,
109 3419 245 3494 urbium
272 3419 383 3508 stoa,
409 3413 669 3507 hominumque
691 3416 727 3490 in
749 3417 810 3492 bie
822 3417 1034 3512 degentium

17 3515 121 3596 turer,
148 3516 335 3606 instituta,
366 3517 458 3590 ritu!
480 3513 621 3586 tertiue
640 3513 698 3584 issi
715 3515 942 3610 wre'Jiunt,
972 3515 1033 3611 qui
1166 3591 1169 3598 .

17 3597 118 3682 pinet
153 3613 221 3690 suis
252 3615 401 3708 pedibus
435 3615 516 3686 ioca
549 3609 613 3684 ista
645 3613 850 3704 mierum,
888 3614 923 3688 ὰ
957 3635 1036 3709 qum

17 3711 183 3807 uenoratu
202 3715 307 3810 digna
333 3713 394 3804 ipsr
413 3710 480 3785 suit
499 3705 710 3798 uuarparunt
732 3707 909 3799 sentinus,
927 3733 1034 3806 quant

17 3805 48 3876 ii
67 3821 106 3874 ex
128 3812 228 3906 vagia
254 3811 289 3888 ἁ
311 3809 497 3886 srisucibua
522 3805 680 3902 choris,
699 3827 748 3884 ae-
762 3809 1032 3886 amoeniora

17 3903 398 3998 ἱθθέῐψὴσωωιιιίεο·
422 3901 680 4020 dependent...
726 3967 733 3974 -

897 3956 1056 4086 Μ,
