<?xml version="1.0" encoding="UTF-8"?>
<!DOCTYPE html PUBLIC "-//W3C//DTD XHTML 1.0 Transitional//EN"
    "http://www.w3.org/TR/xhtml1/DTD/xhtml1-transitional.dtd">
<html xmlns="http://www.w3.org/1999/xhtml" xml:lang="en" lang="en">
 <head>
  <title>
</title>
<meta http-equiv="Content-Type" content="text/html;charset=utf-8" />
  <meta name='ocr-system' content='tesseract 3.04.00' />
  <meta name='ocr-capabilities' content='ocr_page ocr_carea ocr_par ocr_line ocrx_word'/>
</head>
<body>
  <div class='ocr_page' id='page_1' title='image "./carolialinnequi06schrgoog_0034.png"; bbox 0 0 2704 4790; ppageno 0'>
   <div class='ocr_carea' id='block_1_1' title="bbox 293 186 1118 326">
    <p class='ocr_par' dir='ltr' id='par_1_1' title="bbox 293 186 1118 326">
     <span class='ocr_line' id='line_1_1' title="bbox 293 186 1118 326; baseline 0.006 -38"><span class='ocrx_word' id='word_1_1' title='bbox 293 209 608 314; x_wconf 74' lang='lat' dir='ltr'><strong>oecononum</strong></span> <span class='ocrx_word' id='word_1_2' title='bbox 631 211 928 309; x_wconf 57' lang='lat' dir='ltr'><strong>marnam</strong></span> <span class='ocrx_word' id='word_1_3' title='bbox 1069 186 1118 326; x_wconf 53' lang='grc' dir='ltr'><strong>ῃ</strong></span> 
     </span>
    </p>
   </div>
   <div class='ocr_carea' id='block_1_2' title="bbox 85 389 1116 574">
    <p class='ocr_par' dir='ltr' id='par_1_2' title="bbox 85 389 1116 574">
     <span class='ocr_line' id='line_1_2' title="bbox 85 389 1116 494; baseline 0.008 -33"><span class='ocrx_word' id='word_1_4' title='bbox 85 389 240 488; x_wconf 64' lang='lat' dir='ltr'><strong>regionis⁴</strong></span> <span class='ocrx_word' id='word_1_5' title='bbox 255 392 424 488; x_wconf 72' lang='lat' dir='ltr'><strong>cujusque</strong></span> <span class='ocrx_word' id='word_1_6' title='bbox 464 392 605 492; x_wconf 80' lang='lat' dir='ltr'><strong>plantas</strong></span> <span class='ocrx_word' id='word_1_7' title='bbox 645 391 680 468; x_wconf 72' lang='grc' dir='ltr'>ἀ</span> <span class='ocrx_word' id='word_1_8' title='bbox 712 393 855 472; x_wconf 79' lang='lat' dir='ltr'><strong>incolas·</strong></span> <span class='ocrx_word' id='word_1_9' title='bbox 888 393 1116 494; x_wconf 61' lang='lat' dir='ltr'><strong>reliquaeque</strong></span> 
     </span>
     <span class='ocr_line' id='line_1_3' title="bbox 85 485 356 574; baseline 0.004 -11"><span class='ocrx_word' id='word_1_10' title='bbox 85 485 356 574; x_wconf 75' lang='lat' dir='ltr'><strong>circumstantias.</strong></span> 
     </span>
    </p>
   </div>
   <div class='ocr_carea' id='block_1_3' title="bbox 516 681 667 782">
    <p class='ocr_par' dir='ltr' id='par_1_3' title="bbox 516 681 667 782">
     <span class='ocr_line' id='line_1_4' title="bbox 516 681 667 782; baseline 0.033 -23"><span class='ocrx_word' id='word_1_11' title='bbox 516 691 550 782; x_wconf 67' lang='lat' dir='ltr'><strong>e.</strong></span> <span class='ocrx_word' id='word_1_12' title='bbox 601 681 667 764; x_wconf 83' lang='lat' dir='ltr'><strong>nc</strong></span> 
     </span>
    </p>
   </div>
   <div class='ocr_carea' id='block_1_4' title="bbox 145 871 1210 976">
    <p class='ocr_par' dir='ltr' id='par_1_4' title="bbox 145 871 1210 976">
     <span class='ocr_line' id='line_1_5' title="bbox 145 871 1210 976; baseline 0.012 -26"><span class='ocrx_word' id='word_1_13' title='bbox 145 873 266 952; x_wconf 82' lang='lat' dir='ltr'><strong>Plantae</strong></span> <span class='ocrx_word' id='word_1_14' title='bbox 301 874 359 952; x_wconf 85' lang='lat' dir='ltr'><strong>sua</strong></span> <span class='ocrx_word' id='word_1_15' title='bbox 396 875 553 971; x_wconf 83' lang='lat' dir='ltr'><strong>ii&#39;aenret¹</strong></span> <span class='ocrx_word' id='word_1_16' title='bbox 589 871 901 957; x_wconf 81' lang='lat' dir='ltr'><strong>STRUCTURA</strong></span> <span class='ocrx_word' id='word_1_17' title='bbox 936 877 1026 976; x_wconf 81' lang='lat' dir='ltr'><strong>saepe</strong></span> <span class='ocrx_word' id='word_1_18' title='bbox 1068 879 1115 972; x_wconf 81' lang='lat' dir='ltr'><strong>ad</strong></span> <span class='ocrx_word' id='word_1_19' title='bbox 1200 891 1210 908; x_wconf 69' lang='lat'>⁸</span> 
     </span>
    </p>
   </div>
   <div class='ocr_carea' id='block_1_5' title="bbox 56 903 1115 2148">
    <p class='ocr_par' dir='ltr' id='par_1_5' title="bbox 56 903 1115 2148">
     <span class='ocr_line' id='line_1_6' title="bbox 84 903 1111 1072; baseline 0.002 -22"><span class='ocrx_word' id='word_1_20' title='bbox 84 973 378 1050; x_wconf 85' lang='lat' dir='ltr'><strong>conservationem</strong></span> <span class='ocrx_word' id='word_1_21' title='bbox 408 903 457 1051; x_wconf 55' lang='lat' dir='ltr'><strong>fui</strong></span> <span class='ocrx_word' id='word_1_22' title='bbox 487 979 521 1051; x_wconf 72' lang='grc' dir='ltr'><strong>δι</strong></span> <span class='ocrx_word' id='word_1_23' title='bbox 547 979 690 1054; x_wconf 84' lang='lat' dir='ltr'><strong>aliarum</strong></span> <span class='ocrx_word' id='word_1_24' title='bbox 718 979 916 1072; x_wconf 82' lang='lat' dir='ltr'><strong>plantarum</strong></span> <span class='ocrx_word' id='word_1_25' title='bbox 943 1003 989 1054; x_wconf 87' lang='lat' dir='ltr'><strong>ex</strong></span> <span class='ocrx_word' id='word_1_26' title='bbox 1016 979 1111 1053; x_wconf 90' lang='lat' dir='ltr'><strong>ordi·</strong></span> 
     </span>
     <span class='ocr_line' id='line_1_7' title="bbox 82 1072 1111 1172; baseline 0.007 -28"><span class='ocrx_word' id='word_1_27' title='bbox 82 1072 217 1162; x_wconf 81' lang='lat' dir='ltr'><strong>natione</strong></span> <span class='ocrx_word' id='word_1_28' title='bbox 245 1075 367 1149; x_wconf 83' lang='lat' dir='ltr'><strong>divina</strong></span> <span class='ocrx_word' id='word_1_29' title='bbox 403 1075 588 1172; x_wconf 81' lang='lat' dir='ltr'><strong>infigniter</strong></span> <span class='ocrx_word' id='word_1_30' title='bbox 623 1091 856 1150; x_wconf 84' lang='lat' dir='ltr'><strong>concurrunt.</strong></span> <span class='ocrx_word' id='word_1_31' title='bbox 920 1076 985 1158; x_wconf 73' lang='lat' dir='ltr'><strong>Ast</strong></span> <span class='ocrx_word' id='word_1_32' title='bbox 1017 1097 1111 1151; x_wconf 84' lang='lat' dir='ltr'><strong>uero</strong></span> 
     </span>
     <span class='ocr_line' id='line_1_8' title="bbox 81 1169 1115 1264; baseline 0.005 -19"><span class='ocrx_word' id='word_1_33' title='bbox 81 1169 219 1245; x_wconf 79' lang='lat' dir='ltr'>maxime</span> <span class='ocrx_word' id='word_1_34' title='bbox 250 1171 421 1262; x_wconf 82' lang='lat' dir='ltr'>sapientia</span> <span class='ocrx_word' id='word_1_35' title='bbox 455 1171 579 1248; x_wconf 90' lang='lat' dir='ltr'><strong>summi</strong></span> <span class='ocrx_word' id='word_1_36' title='bbox 615 1173 785 1246; x_wconf 87' lang='lat' dir='ltr'><strong>Numinis</strong></span> <span class='ocrx_word' id='word_1_37' title='bbox 825 1174 919 1262; x_wconf 80' lang='lat' dir='ltr'><strong>circa</strong></span> <span class='ocrx_word' id='word_1_38' title='bbox 963 1176 1115 1264; x_wconf 68' lang='lat' dir='ltr'><strong>modurn,</strong></span> 
     </span>
     <span class='ocr_line' id='line_1_9' title="bbox 79 1259 1112 1360; baseline 0.009 -21"><span class='ocrx_word' id='word_1_39' title='bbox 79 1265 311 1344; x_wconf 83' lang='lat' dir='ltr'>ARBORUM</span> <span class='ocrx_word' id='word_1_40' title='bbox 331 1267 514 1360; x_wconf 79' lang='lat' dir='ltr'><strong>‘crescendi</strong></span> <span class='ocrx_word' id='word_1_41' title='bbox 540 1259 731 1358; x_wconf 81' lang='lat' dir='ltr'><strong>elucescit3</strong></span> <span class='ocrx_word' id='word_1_42' title='bbox 758 1270 839 1344; x_wconf 85' lang='lat' dir='ltr'><strong>dum</strong></span> <span class='ocrx_word' id='word_1_43' title='bbox 866 1273 960 1347; x_wconf 92' lang='lat' dir='ltr'><strong>enim</strong></span> <span class='ocrx_word' id='word_1_44' title='bbox 988 1273 1112 1348; x_wconf 85' lang='lat' dir='ltr'><strong>harum</strong></span> 
     </span>
     <span class='ocr_line' id='line_1_10' title="bbox 81 1365 1113 1462; baseline 0.004 -24"><span class='ocrx_word' id='word_1_45' title='bbox 81 1365 201 1438; x_wconf 80' lang='lat' dir='ltr'>radices</span> <span class='ocrx_word' id='word_1_46' title='bbox 231 1366 443 1458; x_wconf 84' lang='lat' dir='ltr'><strong>profundius</strong></span> <span class='ocrx_word' id='word_1_47' title='bbox 480 1367 723 1458; x_wconf 84' lang='lat' dir='ltr'><strong>descendunt,</strong></span> <span class='ocrx_word' id='word_1_48' title='bbox 760 1391 863 1462; x_wconf 89' lang='lat' dir='ltr'><strong>quam</strong></span> <span class='ocrx_word' id='word_1_49' title='bbox 898 1369 1113 1461; x_wconf 81' lang='lat' dir='ltr'><strong>reliquarum</strong></span> 
     </span>
     <span class='ocr_line' id='line_1_11' title="bbox 83 1461 1111 1558; baseline 0.011 -31"><span class='ocrx_word' id='word_1_50' title='bbox 83 1463 285 1558; x_wconf 82' lang='lat' dir='ltr'><strong>plantarum,</strong></span> <span class='ocrx_word' id='word_1_51' title='bbox 315 1461 400 1537; x_wconf 88' lang='lat' dir='ltr'><strong>inde</strong></span> <span class='ocrx_word' id='word_1_52' title='bbox 432 1481 576 1540; x_wconf 85' lang='lat' dir='ltr'><strong>cautum</strong></span> <span class='ocrx_word' id='word_1_53' title='bbox 606 1464 679 1552; x_wconf 85' lang='lat' dir='ltr'><strong>est,</strong></span> <span class='ocrx_word' id='word_1_54' title='bbox 712 1487 758 1540; x_wconf 88' lang='lat' dir='ltr'><strong>ne</strong></span> <span class='ocrx_word' id='word_1_55' title='bbox 788 1465 857 1540; x_wconf 84' lang='lat' dir='ltr'><strong>illae</strong></span> <span class='ocrx_word' id='word_1_56' title='bbox 887 1467 964 1539; x_wconf 83' lang='lat' dir='ltr'><strong>aliis</strong></span> <span class='ocrx_word' id='word_1_57' title='bbox 990 1465 1111 1552; x_wconf 79' lang='lat' dir='ltr'><strong>herbis</strong></span> 
     </span>
     <span class='ocr_line' id='line_1_12' title="bbox 85 1549 1112 1656; baseline 0.006 -26"><span class='ocrx_word' id='word_1_58' title='bbox 85 1559 271 1636; x_wconf 77' lang='lat' dir='ltr'><strong>alimentum</strong></span> <span class='ocrx_word' id='word_1_59' title='bbox 313 1563 422 1636; x_wconf 85' lang='lat' dir='ltr'><strong>nimis</strong></span> <span class='ocrx_word' id='word_1_60' title='bbox 447 1561 694 1646; x_wconf 45' lang='lat' dir='ltr'><strong>,suffurantura</strong></span> <span class='ocrx_word' id='word_1_61' title='bbox 740 1561 810 1636; x_wconf 82' lang='lat' dir='ltr'><strong>Sed</strong></span> <span class='ocrx_word' id='word_1_62' title='bbox 853 1565 934 1652; x_wconf 81' lang='lat' dir='ltr'><strong>qaaid</strong></span> <span class='ocrx_word' id='word_1_63' title='bbox 972 1549 1112 1656; x_wconf 71' lang='lat' dir='ltr'><strong>magici</strong></span> 
     </span>
     <span class='ocr_line' id='line_1_13' title="bbox 85 1657 1112 1754; baseline 0.009 -24"><span class='ocrx_word' id='word_1_64' title='bbox 85 1659 178 1732; x_wconf 81' lang='lat' dir='ltr'><strong>Cauiis</strong></span> <span class='ocrx_word' id='word_1_65' title='bbox 206 1659 296 1754; x_wconf 80' lang='lat' dir='ltr'><strong>sepe</strong></span> <span class='ocrx_word' id='word_1_66' title='bbox 330 1679 407 1734; x_wconf 92' lang='lat' dir='ltr'><strong>nun</strong></span> <span class='ocrx_word' id='word_1_67' title='bbox 435 1659 529 1744; x_wconf 87' lang='lat' dir='ltr'><strong>ultra</strong></span> <span class='ocrx_word' id='word_1_68' title='bbox 563 1657 770 1754; x_wconf 82' lang='lat' dir='ltr'><strong>spithamam</strong></span> <span class='ocrx_word' id='word_1_69' title='bbox 797 1661 889 1748; x_wconf 85' lang='lat' dir='ltr'><strong>latus</strong></span> <span class='ocrx_word' id='word_1_70' title='bbox 929 1661 966 1736; x_wconf 95' lang='lat' dir='ltr'><strong>in</strong></span> <span class='ocrx_word' id='word_1_71' title='bbox 999 1663 1112 1739; x_wconf 83' lang='lat' dir='ltr'><strong>altum</strong></span> 
     </span>
     <span class='ocr_line' id='line_1_14' title="bbox 80 1756 1113 1928; baseline 0.004 -104"><span class='ocrx_word' id='word_1_72' title='bbox 80 1756 202 1830; x_wconf 87' lang='lat' dir='ltr'><strong>attollit</strong></span> <span class='ocrx_word' id='word_1_73' title='bbox 233 1779 377 1848; x_wconf 82' lang='lat' dir='ltr'><strong>ramus,</strong></span> <span class='ocrx_word' id='word_1_74' title='bbox 417 1756 511 1832; x_wconf 87' lang='lat' dir='ltr'><strong>haud</strong></span> <span class='ocrx_word' id='word_1_75' title='bbox 547 1779 629 1831; x_wconf 88' lang='lat' dir='ltr'><strong>raro</strong></span> <span class='ocrx_word' id='word_1_76' title='bbox 664 1773 840 1854; x_wconf 86' lang='lat' dir='ltr'><strong>gerentes¹</strong></span> <span class='ocrx_word' id='word_1_77' title='bbox 860 1759 964 1928; x_wconf 45' lang='lat' dir='ltr'><strong>¹{lura</strong></span> <span class='ocrx_word' id='word_1_78' title='bbox 1001 1758 1113 1852; x_wconf 71' lang='lat' dir='ltr'><strong>millia</strong></span> 
     </span>
     <span class='ocr_line' id='line_1_15' title="bbox 79 1857 1112 1952; baseline 0.004 -29"><span class='ocrx_word' id='word_1_79' title='bbox 79 1873 406 1946; x_wconf 60' lang='lat' dir='ltr'><strong>gemmarumque</strong></span> <span class='ocrx_word' id='word_1_80' title='bbox 433 1857 573 1952; x_wconf 82' lang='lat' dir='ltr'><strong>nngmae</strong></span> <span class='ocrx_word' id='word_1_81' title='bbox 599 1858 755 1930; x_wconf 91' lang='lat' dir='ltr'><strong>totidem</strong></span> <span class='ocrx_word' id='word_1_82' title='bbox 787 1878 856 1930; x_wconf 91' lang='lat' dir='ltr'><strong>con</strong></span> <span class='ocrx_word' id='word_1_83' title='bbox 890 1859 1011 1934; x_wconf 87' lang='lat' dir='ltr'><strong>ituunt</strong></span> <span class='ocrx_word' id='word_1_84' title='bbox 1032 1857 1112 1948; x_wconf 64' lang='lat' dir='ltr'><strong>hen</strong></span> 
     </span>
     <span class='ocr_line' id='line_1_16' title="bbox 56 1949 1110 2047; baseline 0.009 -28"><span class='ocrx_word' id='word_1_85' title='bbox 56 1949 133 2022; x_wconf 84' lang='lat' dir='ltr'><strong>·bas</strong></span> <span class='ocrx_word' id='word_1_86' title='bbox 153 1973 228 2026; x_wconf 88' lang='lat' dir='ltr'><strong>cnm</strong></span> <span class='ocrx_word' id='word_1_87' title='bbox 257 1951 379 2042; x_wconf 85' lang='lat' dir='ltr'><strong>foliis,</strong></span> <span class='ocrx_word' id='word_1_88' title='bbox 406 1953 556 2027; x_wconf 84' lang='lat' dir='ltr'><strong>floribus</strong></span> <span class='ocrx_word' id='word_1_89' title='bbox 590 1953 801 2047; x_wconf 80' lang='lat' dir='ltr'><strong>&amp;stipulis3</strong></span> <span class='ocrx_word' id='word_1_90' title='bbox 841 1951 1110 2028; x_wconf 77' lang='lat' dir='ltr'><strong>Haenmnesss</strong></span> 
     </span>
     <span class='ocr_line' id='line_1_17' title="bbox 77 2044 1112 2148; baseline 0.006 -32"><span class='ocrx_word' id='word_1_91' title='bbox 77 2044 109 2117; x_wconf 88' lang='lat' dir='ltr'><strong>in</strong></span> <span class='ocrx_word' id='word_1_92' title='bbox 139 2071 260 2144; x_wconf 88' lang='lat' dir='ltr'><strong>campo</strong></span> <span class='ocrx_word' id='word_1_93' title='bbox 303 2050 527 2142; x_wconf 78' lang='lat' dir='ltr'><strong>crescerent,</strong></span> <span class='ocrx_word' id='word_1_94' title='bbox 571 2053 720 2144; x_wconf 84' lang='lat' dir='ltr'><strong>spatium</strong></span> <span class='ocrx_word' id='word_1_95' title='bbox 761 2053 888 2135; x_wconf 81' lang='lat' dir='ltr'><strong>millies</strong></span> <span class='ocrx_word' id='word_1_96' title='bbox 932 2053 1112 2148; x_wconf 82' lang='lat' dir='ltr'><strong>supergre-</strong></span> 
     </span>
    </p>
   </div>
   <div class='ocr_carea' id='block_1_6' title="bbox 79 2141 1194 2244">
    <p class='ocr_par' dir='ltr' id='par_1_6' title="bbox 79 2141 1194 2244">
     <span class='ocr_line' id='line_1_18' title="bbox 79 2141 1194 2244; baseline 0.009 -32"><span class='ocrx_word' id='word_1_97' title='bbox 79 2141 166 2218; x_wconf 82' lang='lat' dir='ltr'><strong>diens</strong></span> <span class='ocrx_word' id='word_1_98' title='bbox 190 2145 300 2234; x_wconf 88' lang='lat' dir='ltr'><strong>illud,</strong></span> <span class='ocrx_word' id='word_1_99' title='bbox 327 2147 423 2240; x_wconf 89' lang='lat' dir='ltr'><strong>quod</strong></span> <span class='ocrx_word' id='word_1_100' title='bbox 449 2150 556 2222; x_wconf 90' lang='lat' dir='ltr'><strong>arbor</strong></span> <span class='ocrx_word' id='word_1_101' title='bbox 583 2153 679 2228; x_wconf 88' lang='lat' dir='ltr'><strong>nunc</strong></span> <span class='ocrx_word' id='word_1_102' title='bbox 702 2151 837 2242; x_wconf 83' lang='lat' dir='ltr'><strong>replet.</strong></span> <span class='ocrx_word' id='word_1_103' title='bbox 867 2160 1109 2244; x_wconf 68' lang='lat' dir='ltr'><strong>occuparent,</strong></span> <span class='ocrx_word' id='word_1_104' title='bbox 1187 2187 1194 2196; x_wconf 85' lang='lat'><em>-</em></span> 
     </span>
    </p>
   </div>
   <div class='ocr_carea' id='block_1_7' title="bbox 77 2227 1113 2630">
    <p class='ocr_par' dir='ltr' id='par_1_7' title="bbox 77 2227 1113 2630">
     <span class='ocr_line' id='line_1_19' title="bbox 80 2227 1110 2338; baseline 0.006 -26"><span class='ocrx_word' id='word_1_105' title='bbox 80 2239 223 2336; x_wconf 87' lang='lat' dir='ltr'><strong>adeoque</strong></span> <span class='ocrx_word' id='word_1_106' title='bbox 260 2245 326 2316; x_wconf 85' lang='lat' dir='ltr'><strong>vix</strong></span> <span class='ocrx_word' id='word_1_107' title='bbox 363 2247 466 2320; x_wconf 80' lang='lat' dir='ltr'><strong>locus</strong></span> <span class='ocrx_word' id='word_1_108' title='bbox 494 2246 532 2320; x_wconf 93' lang='lat' dir='ltr'><strong>in</strong></span> <span class='ocrx_word' id='word_1_109' title='bbox 560 2260 655 2319; x_wconf 85' lang='lat' dir='ltr'><strong>terra</strong></span> <span class='ocrx_word' id='word_1_110' title='bbox 687 2247 862 2322; x_wconf 83' lang='lat' dir='ltr'><strong>sufficeret</strong></span> <span class='ocrx_word' id='word_1_111' title='bbox 891 2261 952 2318; x_wconf 89' lang='lat' dir='ltr'><strong>tor</strong></span> <span class='ocrx_word' id='word_1_112' title='bbox 973 2227 1110 2338; x_wconf 64' lang='lat' dir='ltr'><strong>&#39;plantis</strong></span> 
     </span>
     <span class='ocr_line' id='line_1_20' title="bbox 79 2341 1113 2437; baseline 0.004 -28"><span class='ocrx_word' id='word_1_113' title='bbox 79 2343 250 2432; x_wconf 82' lang='lat' dir='ltr'><strong>gerendis,</strong></span> <span class='ocrx_word' id='word_1_114' title='bbox 286 2357 377 2434; x_wconf 87' lang='lat' dir='ltr'><strong>quot</strong></span> <span class='ocrx_word' id='word_1_115' title='bbox 411 2347 482 2436; x_wconf 80' lang='lat' dir='ltr'><strong>jana</strong></span> <span class='ocrx_word' id='word_1_116' title='bbox 520 2347 667 2418; x_wconf 77' lang='lat' dir='ltr'><strong>arbores</strong></span> <span class='ocrx_word' id='word_1_117' title='bbox 701 2343 877 2437; x_wconf 79' lang='lat' dir='ltr'><strong>prestant.</strong></span> <span class='ocrx_word' id='word_1_118' title='bbox 935 2341 1113 2416; x_wconf 84' lang='lat' dir='ltr'><strong>Praeterea</strong></span> 
     </span>
     <span class='ocr_line' id='line_1_21' title="bbox 77 2438 1112 2532; baseline 0.004 -25"><span class='ocrx_word' id='word_1_119' title='bbox 77 2438 192 2532; x_wconf 78' lang='lat' dir='ltr'><strong>plante</strong></span> <span class='ocrx_word' id='word_1_120' title='bbox 215 2441 281 2513; x_wconf 86' lang='lat' dir='ltr'><strong>tali</strong></span> <span class='ocrx_word' id='word_1_121' title='bbox 310 2441 452 2514; x_wconf 87' lang='lat' dir='ltr'><strong>ratione</strong></span> <span class='ocrx_word' id='word_1_122' title='bbox 479 2457 614 2528; x_wconf 84' lang='lat' dir='ltr'><strong>enatae,</strong></span> <span class='ocrx_word' id='word_1_123' title='bbox 642 2455 777 2514; x_wconf 71' lang='lat' dir='ltr'><strong>nature</strong></span> <span class='ocrx_word' id='word_1_124' title='bbox 799 2441 890 2530; x_wconf 79' lang='lat' dir='ltr'><strong>quasi</strong></span> <span class='ocrx_word' id='word_1_125' title='bbox 912 2439 1112 2531; x_wconf 77' lang='lat' dir='ltr'><strong>lenimento</strong></span> 
     </span>
     <span class='ocr_line' id='line_1_22' title="bbox 78 2536 1112 2630; baseline 0.005 -27"><span class='ocrx_word' id='word_1_126' title='bbox 78 2537 303 2630; x_wconf 84' lang='lat' dir='ltr'><strong>apecoribns</strong></span> <span class='ocrx_word' id='word_1_127' title='bbox 336 2557 384 2610; x_wconf 89' lang='lat' dir='ltr'><strong>eo</strong></span> <span class='ocrx_word' id='word_1_128' title='bbox 414 2536 553 2612; x_wconf 72' lang='lat' dir='ltr'><strong>ilcilius</strong></span> <span class='ocrx_word' id='word_1_129' title='bbox 583 2539 865 2624; x_wconf 85' lang='lat' dir='ltr'><strong>conservantur,</strong></span> <span class='ocrx_word' id='word_1_130' title='bbox 895 2537 991 2610; x_wconf 84' lang='lat' dir='ltr'><strong>unde</strong></span> <span class='ocrx_word' id='word_1_131' title='bbox 1019 2538 1112 2610; x_wconf 89' lang='lat' dir='ltr'><strong>ulte-</strong></span> 
     </span>
    </p>
   </div>
   <div class='ocr_carea' id='block_1_8' title="bbox 76 2630 1233 2726">
    <p class='ocr_par' dir='ltr' id='par_1_8' title="bbox 76 2630 1233 2726">
     <span class='ocr_line' id='line_1_23' title="bbox 76 2630 1233 2726; baseline 0.009 -24"><span class='ocrx_word' id='word_1_132' title='bbox 76 2630 219 2726; x_wconf 75' lang='lat' dir='ltr'><strong>nuent,</strong></span> <span class='ocrx_word' id='word_1_133' title='bbox 251 2649 295 2708; x_wconf 91' lang='lat' dir='ltr'><strong>ut</strong></span> <span class='ocrx_word' id='word_1_134' title='bbox 324 2635 412 2708; x_wconf 89' lang='lat' dir='ltr'><strong>folia</strong></span> <span class='ocrx_word' id='word_1_135' title='bbox 436 2658 554 2710; x_wconf 90' lang='lat' dir='ltr'><strong>earum</strong></span> <span class='ocrx_word' id='word_1_136' title='bbox 582 2651 755 2710; x_wconf 86' lang='lat' dir='ltr'><strong>autumno</strong></span> <span class='ocrx_word' id='word_1_137' title='bbox 779 2635 951 2726; x_wconf 86' lang='lat' dir='ltr'><strong>decidua,</strong></span> <span class='ocrx_word' id='word_1_138' title='bbox 976 2633 1112 2708; x_wconf 81' lang='lat' dir='ltr'><strong>adstan·</strong></span> <span class='ocrx_word' id='word_1_139' title='bbox 1229 2699 1233 2712; x_wconf 87' lang='lat'>.</span> 
     </span>
    </p>
   </div>
   <div class='ocr_carea' id='block_1_9' title="bbox 75 2733 1114 3996">
    <p class='ocr_par' dir='ltr' id='par_1_9' title="bbox 75 2733 1114 3978">
     <span class='ocr_line' id='line_1_24' title="bbox 78 2733 1112 2830; baseline 0.006 -32"><span class='ocrx_word' id='word_1_140' title='bbox 78 2739 127 2802; x_wconf 80' lang='lat' dir='ltr'><strong>tes</strong></span> <span class='ocrx_word' id='word_1_141' title='bbox 153 2733 292 2826; x_wconf 81' lang='lat' dir='ltr'><strong>plantas</strong></span> <span class='ocrx_word' id='word_1_142' title='bbox 325 2746 450 2828; x_wconf 87' lang='lat' dir='ltr'><strong>tegere</strong></span> <span class='ocrx_word' id='word_1_143' title='bbox 482 2733 515 2806; x_wconf 74' lang='grc' dir='ltr'><strong>δι</strong></span> <span class='ocrx_word' id='word_1_144' title='bbox 542 2747 671 2808; x_wconf 88' lang='lat' dir='ltr'><strong>contra</strong></span> <span class='ocrx_word' id='word_1_145' title='bbox 706 2734 851 2830; x_wconf 83' lang='lat' dir='ltr'><strong>frigoris</strong></span> <span class='ocrx_word' id='word_1_146' title='bbox 882 2734 955 2806; x_wconf 90' lang='lat' dir='ltr'><strong>vim</strong></span> <span class='ocrx_word' id='word_1_147' title='bbox 989 2733 1112 2805; x_wconf 85' lang='lat' dir='ltr'><strong>defen·</strong></span> 
     </span>
     <span class='ocr_line' id='line_1_25' title="bbox 78 2825 1112 2930; baseline 0.005 -33"><span class='ocrx_word' id='word_1_148' title='bbox 78 2825 169 2904; x_wconf 82' lang='lat' dir='ltr'><strong>dere:</strong></span> <span class='ocrx_word' id='word_1_149' title='bbox 205 2829 326 2902; x_wconf 79' lang='lat' dir='ltr'><strong>aestate</strong></span> <span class='ocrx_word' id='word_1_150' title='bbox 355 2853 446 2904; x_wconf 84' lang='lat' dir='ltr'><strong>vero</strong></span> <span class='ocrx_word' id='word_1_151' title='bbox 478 2833 651 2924; x_wconf 79' lang='lat' dir='ltr'><strong>placidam</strong></span> <span class='ocrx_word' id='word_1_152' title='bbox 681 2832 840 2906; x_wconf 85' lang='lat' dir='ltr'><strong>umbram</strong></span> <span class='ocrx_word' id='word_1_153' title='bbox 869 2853 944 2930; x_wconf 82' lang='lat' dir='ltr'><strong>nun</strong></span> <span class='ocrx_word' id='word_1_154' title='bbox 970 2843 1112 2902; x_wconf 89' lang='lat' dir='ltr'><strong>tantum</strong></span> 
     </span>
     <span class='ocr_line' id='line_1_26' title="bbox 80 2926 1114 3014; baseline 0.005 -20"><span class='ocrx_word' id='word_1_155' title='bbox 80 2926 297 3014; x_wconf 81' lang='lat' dir='ltr'><strong>animalibus,</strong></span> <span class='ocrx_word' id='word_1_156' title='bbox 331 2926 390 3002; x_wconf 84' lang='lat' dir='ltr'><strong>sed</strong></span> <span class='ocrx_word' id='word_1_157' title='bbox 424 2929 602 3002; x_wconf 81' lang='lat' dir='ltr'><strong>&amp;herbis</strong></span> <span class='ocrx_word' id='word_1_158' title='bbox 638 2927 949 3002; x_wconf 85' lang='lat' dir='ltr'><strong>circumstantibus</strong></span> <span class='ocrx_word' id='word_1_159' title='bbox 983 2935 1114 3001; x_wconf 79' lang='lat' dir='ltr'><strong>contra</strong></span> 
     </span>
     <span class='ocr_line' id='line_1_27' title="bbox 78 3019 1111 3119; baseline 0.004 -29"><span class='ocrx_word' id='word_1_160' title='bbox 78 3019 224 3098; x_wconf 86' lang='lat' dir='ltr'><strong>intensos</strong></span> <span class='ocrx_word' id='word_1_161' title='bbox 272 3025 356 3098; x_wconf 85' lang='lat' dir='ltr'><strong>solis</strong></span> <span class='ocrx_word' id='word_1_162' title='bbox 386 3027 506 3100; x_wconf 85' lang='lat' dir='ltr'><strong>radios</strong></span> <span class='ocrx_word' id='word_1_163' title='bbox 550 3028 707 3118; x_wconf 88' lang='lat' dir='ltr'><strong>praebere</strong></span> <span class='ocrx_word' id='word_1_164' title='bbox 748 3023 902 3119; x_wconf 81' lang='lat' dir='ltr'><strong>poffint3</strong></span> <span class='ocrx_word' id='word_1_165' title='bbox 927 3025 1111 3110; x_wconf 80' lang='lat' dir='ltr'><strong>accedit,</strong></span> 
     </span>
     <span class='ocr_line' id='line_1_28' title="bbox 78 3123 1112 3219; baseline 0.002 -28"><span class='ocrx_word' id='word_1_166' title='bbox 78 3123 163 3210; x_wconf 88' lang='lat' dir='ltr'><strong>quod</strong></span> <span class='ocrx_word' id='word_1_167' title='bbox 199 3126 347 3196; x_wconf 86' lang='lat' dir='ltr'><strong>arbores</strong></span> <span class='ocrx_word' id='word_1_168' title='bbox 381 3124 471 3197; x_wconf 70' lang='lat' dir='ltr'><strong>sicut</strong></span> <span class='ocrx_word' id='word_1_169' title='bbox 498 3125 628 3197; x_wconf 23' lang='lat' dir='ltr'><strong>*omnia</strong></span> <span class='ocrx_word' id='word_1_170' title='bbox 667 3123 884 3219; x_wconf 85' lang='lat' dir='ltr'><strong>vegetabilia</strong></span> <span class='ocrx_word' id='word_1_171' title='bbox 924 3143 1048 3213; x_wconf 86' lang='lat' dir='ltr'><strong>aquam</strong></span> <span class='ocrx_word' id='word_1_172' title='bbox 1090 3142 1112 3193; x_wconf 88' lang='lat' dir='ltr'><strong>e</strong></span> 
     </span>
     <span class='ocr_line' id='line_1_29' title="bbox 78 3220 1112 3314; baseline 0.005 -29"><span class='ocrx_word' id='word_1_173' title='bbox 78 3229 162 3290; x_wconf 85' lang='lat' dir='ltr'><strong>terra</strong></span> <span class='ocrx_word' id='word_1_174' title='bbox 189 3221 378 3310; x_wconf 85' lang='lat' dir='ltr'><strong>hauriant,</strong></span> <span class='ocrx_word' id='word_1_175' title='bbox 406 3241 481 3313; x_wconf 88' lang='lat' dir='ltr'><strong>quae</strong></span> <span class='ocrx_word' id='word_1_176' title='bbox 512 3244 586 3296; x_wconf 90' lang='lat' dir='ltr'><strong>non</strong></span> <span class='ocrx_word' id='word_1_177' title='bbox 614 3244 677 3314; x_wconf 88' lang='lat' dir='ltr'><strong>per</strong></span> <span class='ocrx_word' id='word_1_178' title='bbox 704 3223 903 3311; x_wconf 92' lang='lat' dir='ltr'><strong>circulum,</strong></span> <span class='ocrx_word' id='word_1_179' title='bbox 929 3220 983 3292; x_wconf 88' lang='lat' dir='ltr'><strong>uti</strong></span> <span class='ocrx_word' id='word_1_180' title='bbox 1007 3231 1112 3290; x_wconf 78' lang='lat' dir='ltr'><strong>uete-</strong></span> 
     </span>
     <span class='ocr_line' id='line_1_30' title="bbox 77 3315 1113 3410; baseline 0.003 -26"><span class='ocrx_word' id='word_1_181' title='bbox 77 3318 127 3386; x_wconf 84' lang='lat' dir='ltr'><strong>re&#39;e</strong></span> <span class='ocrx_word' id='word_1_182' title='bbox 142 3315 353 3408; x_wconf 88' lang='lat' dir='ltr'><strong>statuerunt,</strong></span> <span class='ocrx_word' id='word_1_183' title='bbox 371 3320 415 3391; x_wconf 87' lang='lat' dir='ltr'><strong>ad</strong></span> <span class='ocrx_word' id='word_1_184' title='bbox 432 3319 568 3392; x_wconf 88' lang='lat' dir='ltr'><strong>radices</strong></span> <span class='ocrx_word' id='word_1_185' title='bbox 586 3319 792 3403; x_wconf 87' lang='lat' dir='ltr'><strong>descendit,</strong></span> <span class='ocrx_word' id='word_1_186' title='bbox 815 3317 873 3392; x_wconf 86' lang='lat' dir='ltr'><strong>sed</strong></span> <span class='ocrx_word' id='word_1_187' title='bbox 885 3340 947 3410; x_wconf 88' lang='lat' dir='ltr'><strong>per</strong></span> <span class='ocrx_word' id='word_1_188' title='bbox 965 3315 1113 3408; x_wconf 84' lang='lat' dir='ltr'><strong>transpi-</strong></span> 
     </span>
     <span class='ocr_line' id='line_1_31' title="bbox 79 3413 1113 3509; baseline 0.012 -29"><span class='ocrx_word' id='word_1_189' title='bbox 79 3413 243 3490; x_wconf 80' lang='lat' dir='ltr'><strong>rationem</strong></span> <span class='ocrx_word' id='word_1_190' title='bbox 268 3415 462 3508; x_wconf 89' lang='lat' dir='ltr'><strong>foliorum,</strong></span> <span class='ocrx_word' id='word_1_191' title='bbox 489 3417 595 3490; x_wconf 87' lang='lat' dir='ltr'><strong>instar</strong></span> <span class='ocrx_word' id='word_1_192' title='bbox 618 3418 749 3509; x_wconf 82' lang='lat' dir='ltr'><strong>pluvrae</strong></span> <span class='ocrx_word' id='word_1_193' title='bbox 773 3417 958 3490; x_wconf 77' lang='lat' dir='ltr'><strong>invisibilis</strong></span> <span class='ocrx_word' id='word_1_194' title='bbox 985 3413 1113 3506; x_wconf 79' lang='lat' dir='ltr'><strong>disper·</strong></span> 
     </span>
     <span class='ocr_line' id='line_1_32' title="bbox 79 3506 1114 3606; baseline -0.004 -18"><span class='ocrx_word' id='word_1_195' title='bbox 79 3506 129 3598; x_wconf 68' lang='lat' dir='ltr'><strong>st,</strong></span> <span class='ocrx_word' id='word_1_196' title='bbox 153 3513 255 3605; x_wconf 84' lang='lat' dir='ltr'><strong>juata</strong></span> <span class='ocrx_word' id='word_1_197' title='bbox 286 3513 473 3588; x_wconf 86' lang='lat' dir='ltr'><strong>nascentes</strong></span> <span class='ocrx_word' id='word_1_198' title='bbox 509 3517 646 3606; x_wconf 83' lang='lat' dir='ltr'><strong>plantas</strong></span> <span class='ocrx_word' id='word_1_199' title='bbox 681 3513 872 3588; x_wconf 67' lang='lat' dir='ltr'><strong>humeftat.</strong></span> <span class='ocrx_word' id='word_1_200' title='bbox 932 3513 1114 3604; x_wconf 81' lang='lat' dir='ltr'><strong>Pleraeque</strong></span> 
     </span>
     <span class='ocr_line' id='line_1_33' title="bbox 78 3605 1112 3696; baseline 0.006 -20"><span class='ocrx_word' id='word_1_201' title='bbox 78 3605 207 3684; x_wconf 86' lang='lat' dir='ltr'><strong>demum</strong></span> <span class='ocrx_word' id='word_1_202' title='bbox 254 3613 401 3685; x_wconf 83' lang='lat' dir='ltr'><strong>arbores</strong></span> <span class='ocrx_word' id='word_1_203' title='bbox 439 3611 573 3688; x_wconf 72' lang='lat' dir='ltr'><strong>sautius</strong></span> <span class='ocrx_word' id='word_1_204' title='bbox 608 3613 729 3686; x_wconf 89' lang='lat' dir='ltr'><strong>ferunt</strong></span> <span class='ocrx_word' id='word_1_205' title='bbox 763 3611 955 3696; x_wconf 84' lang='lat' dir='ltr'><strong>carnosos,</strong></span> <span class='ocrx_word' id='word_1_206' title='bbox 984 3614 1112 3682; x_wconf 78' lang='lat' dir='ltr'><strong>baccae</strong></span> 
     </span>
     <span class='ocr_line' id='line_1_34' title="bbox 76 3707 1113 3802; baseline 0.005 -29"><span class='ocrx_word' id='word_1_207' title='bbox 76 3707 129 3775; x_wconf 89' lang='lat' dir='ltr'><strong>vel</strong></span> <span class='ocrx_word' id='word_1_208' title='bbox 161 3729 289 3800; x_wconf 86' lang='lat' dir='ltr'><strong>poma,</strong></span> <span class='ocrx_word' id='word_1_209' title='bbox 321 3731 398 3802; x_wconf 86' lang='lat' dir='ltr'><strong>quae</strong></span> <span class='ocrx_word' id='word_1_210' title='bbox 419 3712 463 3782; x_wconf 88' lang='lat' dir='ltr'><strong>ab</strong></span> <span class='ocrx_word' id='word_1_211' title='bbox 491 3709 620 3782; x_wconf 88' lang='lat' dir='ltr'><strong>insultu</strong></span> <span class='ocrx_word' id='word_1_212' title='bbox 647 3730 819 3802; x_wconf 84' lang='lat' dir='ltr'><strong>pecorum</strong></span> <span class='ocrx_word' id='word_1_213' title='bbox 847 3707 977 3783; x_wconf 66' lang='lat' dir='ltr'><strong>intacta</strong></span> <span class='ocrx_word' id='word_1_214' title='bbox 998 3724 1113 3780; x_wconf 83' lang='lat' dir='ltr'><strong>metu·</strong></span> 
     </span>
     <span class='ocr_line' id='line_1_35' title="bbox 75 3802 1112 3978; baseline 0.005 -108"><span class='ocrx_word' id='word_1_215' title='bbox 75 3802 228 3898; x_wconf 85' lang='lat' dir='ltr'><strong>rescunt,</strong></span> <span class='ocrx_word' id='word_1_216' title='bbox 264 3827 311 3880; x_wconf 92' lang='lat' dir='ltr'><strong>eu</strong></span> <span class='ocrx_word' id='word_1_217' title='bbox 342 3809 441 3902; x_wconf 88' lang='lat' dir='ltr'><strong>quod</strong></span> <span class='ocrx_word' id='word_1_218' title='bbox 470 3829 546 3884; x_wconf 90' lang='lat' dir='ltr'><strong>non</strong></span> <span class='ocrx_word' id='word_1_219' title='bbox 574 3829 678 3978; x_wconf 55' lang='lat' dir='ltr'><strong>§que</strong></span> <span class='ocrx_word' id='word_1_220' title='bbox 713 3807 818 3881; x_wconf 88' lang='lat' dir='ltr'><strong>facile</strong></span> <span class='ocrx_word' id='word_1_221' title='bbox 854 3806 970 3882; x_wconf 79' lang='lat' dir='ltr'><strong>abiis</strong></span> <span class='ocrx_word' id='word_1_222' title='bbox 1004 3803 1112 3876; x_wconf 87' lang='lat' dir='ltr'><strong>attin·</strong></span> 
     </span>
    </p>

    <p class='ocr_par' dir='ltr' id='par_1_10' title="bbox 219 3919 1113 3996">
     <span class='ocr_line' id='line_1_36' title="bbox 219 3919 1113 3996; baseline 0 0"><span class='ocrx_word' id='word_1_223' title='bbox 219 3945 237 3962; x_wconf 91' lang='lat'><strong>··</strong></span> <span class='ocrx_word' id='word_1_224' title='bbox 629 3928 655 3996; x_wconf 90' lang='grc'>4</span> <span class='ocrx_word' id='word_1_225' title='bbox 1029 3919 1113 3996; x_wconf 70' lang='lat'>8²¹1·</span> 
     </span>
    </p>
   </div>
   <div class='ocr_carea' id='block_1_10' title="bbox 408 4131 441 4266">
    <p class='ocr_par' dir='ltr' id='par_1_11' title="bbox 408 4131 441 4266">
     <span class='ocr_line' id='line_1_37' title="bbox 408 4131 441 4266; baseline 0 0"><span class='ocrx_word' id='word_1_226' title='bbox 408 4131 441 4266; x_wconf 70' lang='lat' dir='ltr'><strong>l</strong></span> 
     </span>
    </p>
   </div>
   <div class='ocr_carea' id='block_1_11' title="bbox 0 0 1356 4790">
    <p class='ocr_par' dir='ltr' id='par_1_12' title="bbox 0 0 1356 4790">
     <span class='ocr_line' id='line_1_38' title="bbox 0 0 1356 4790; baseline 0 2"><span class='ocrx_word' id='word_1_227' title='bbox 0 0 1356 4790; x_wconf 95' lang='lat' dir='ltr'><strong> </strong></span> 
     </span>
    </p>
   </div>
  </div>
 </body>
</html>
